2596 3932
167 145 284 204 xrvin
407 145 483 203 cle.
497 145 531 203 v.
562 145 611 202 nn
630 145 753 202 muron
772 126 938 203 manico,

169 314 310 376 ediectivi
327 334 408 375 more
422 315 556 375 Arabum
574 314 702 376 derivati
721 315 758 375 ab
776 315 896 374 urbium
914 313 1084 376 nominibus
1102 318 1188 377 velut

168 407 398 513 jiffuimii
417 404 682 481 2·A10¹andrinus,
700 401 919 511 &clodoali
938 403 1188 466 3.0onstantino-

169 548 322 626 politanus
341 552 395 608 etc.
431 548 541 607 Rarius
563 546 728 624 praemissa
751 552 796 608 est
818 547 1001 625 praepositio
1022 558 1072 625 Ψ
1094 567 1135 607 ex
1157 551 1189 608 et

170 657 279 698 nomen
296 637 395 715 ipsum
407 637 536 696 Arabice
554 655 681 714 versum,
699 638 784 698 velut
798 639 848 698 31.
859 639 933 698 232.
944 637 1022 696 255:
1041 657 1082 696 ex
1099 635 1187 697 an-

170 746 273 788 sarea
295 746 401 802 nova,
424 725 476 786 cfr.
492 729 520 787 6.
535 727 587 786 41.
603 727 676 786 317.
718 725 777 786 Sed
798 727 895 786 multo
919 724 1037 803 saepius
1058 725 1189 803 scriptor

172 819 296 878 conatus
319 819 365 876 est
387 815 477 874 alieni
501 813 644 874 sermonis
667 813 778 874 formas
800 815 932 892 integras
955 815 1085 892 recipere
1108 817 1188 875 tarn·

171 925 263 984 quam
287 904 439 983 genetivos
456 903 610 964 Arabicos.
647 901 731 962 Haec
753 904 803 963 vix
824 903 962 981 intellegi
982 907 1109 980 pcssrmt
1129 904 1190 964 nisi

171 993 288 1055 collatis
307 993 413 1054 ceteris
430 991 587 1052 indicibus.
624 991 668 1050 At
685 991 896 1052 difficillimum
915 996 960 1052 est
979 1011 1028 1053 eos
1045 993 1190 1054 conferre.
1288 1054 1289 1078 χ

170 1084 250 1144 Nam
271 1083 305 1142 in
325 1083 382 1142 hoc
400 1085 431 1142 et
447 1082 544 1142 multo
562 1080 651 1156 plura
669 1081 790 1142 nomina
807 1081 950 1158 leguntur
967 1100 1059 1158 quam
1075 1081 1109 1142 in
1126 1082 1191 1142 illis

173 1175 203 1232 et
220 1173 309 1250 longe
329 1170 390 1230 alie
410 1171 510 1230 ordine
530 1168 684 1246 disposita
720 1170 837 1230 Vellem
854 1169 950 1248 igitur
967 1170 1061 1230 ulium
1079 1171 1189 1231 saltem

172 1260 302 1320 codicem
325 1259 457 1320 conferre
480 1257 653 1334 potuissem.
693 1258 729 1318 In
751 1259 808 1320 hoc
831 1259 911 1320 enim
930 1279 1019 1336 quem
1036 1259 1100 1336 ipse
1119 1279 1189 1320 con·
1290 1276 1291 1290 ¹

171 1348 230 1410 iuli
250 1347 340 1407 index
362 1350 457 1408 scatet
478 1346 593 1406 mendis
616 1347 760 1423 plurimis.
1291 1419 1292 1422 Ἴ

258 1436 421 1496 Rarissime
442 1436 561 1514 positae
584 1438 655 1496 sunt
677 1437 808 1514 vocales,
835 1439 948 1514 puncta
970 1435 1138 1513 dissenties,
1163 1437 1190 1497 si
1292 1498 1293 1526 ¹

172 1525 291 1586 omnino
311 1525 414 1586 addite
433 1528 512 1602 sunt,
530 1523 615 1584 saleis
633 1523 707 1585 locis
724 1525 926 1602 inveniuntur,
943 1525 1064 1586 litterae
1078 1524 1194 1589 similes

170 1615 249 1674 inter
270 1633 301 1674 so
320 1617 391 1676 sunt
408 1616 606 1692 permutatae.
643 1614 757 1674 Eadem
773 1613 870 1692 igitur
886 1615 990 1674 littera
1005 1617 1108 1692 potest
1127 1633 1193 1674 esse
1260 1610 1294 1648 '¹

171 1705 199 1778 b,
222 1707 245 1779 t,
267 1704 310 1780 th,
333 1724 362 1780 n,
381 1704 410 1780 j,
431 1701 492 1762 nisi
515 1722 612 1764 errore
635 1703 752 1764 librarii
774 1706 893 1764 mutata
917 1703 962 1762 cst
985 1722 1020 1762 ex
1042 1723 1073 1762 m
1095 1704 1145 1763 vel
1168 1703 1191 1781 f,

171 1794 252 1872 quod
270 1813 330 1854 non
348 1794 440 1853 semel
455 1812 543 1870 prop
559 1791 705 1870 scriptum
724 1797 782 1868 est3
801 1793 916 1854 accedit
928 1791 1010 1868 quod
1023 1795 1083 1852 tres
1098 1788 1190 1852 huius
1295 1832 1296 1846 ,

171 1881 287 1961 generis
314 1882 434 1942 litterae
460 1882 603 1942 facillime
630 1881 662 1940 in
687 1901 783 1942 unum
804 1907 846 1960 ψ
868 1882 916 1942 vel
938 1883 980 1958 υἷέ
1003 1882 1190 1958 coaluerunt,

171 1975 207 2030 ut
238 1975 355 2031 taceam
376 2002 398 2056 )
417 1991 494 2030 =r
521 1967 582 2048 (vel
593 1986 617 2055 j
634 1997 677 2020 =
697 1967 725 2049 z)
758 1970 901 2030 confundi
932 1990 999 2030 cum
1017 1999 1039 2054 2
1062 1965 1117 2048 (=
1137 1967 1190 2049 w),

143 2069 145 2075 ‘
170 2087 201 2140 ς)
214 2086 256 2108 =
271 2079 292 2118 n
309 2060 399 2118 finale
423 2079 489 2119 cum
511 2085 553 2136 Qu
567 2077 639 2118 =s
663 2062 718 2118 etc.
755 2060 868 2118 Tamen
886 2057 918 2118 hi
936 2078 1049 2120 errores
1068 2059 1190 2119 facilius

172 2147 310 2225 cognosci
337 2150 367 2206 et
395 2147 546 2207 emendari
571 2151 710 2224 possunt,
738 2147 764 2207 si
787 2148 942 2224 archetypi
965 2148 1043 2208 alius
1066 2149 1190 2226 linguae

171 2237 280 2296 litteris
308 2235 411 2314 scripti
438 2236 530 2296 verba
556 2237 636 2296 recte
663 2235 739 2316 legit
764 2237 804 2313 is,
832 2236 885 2314 qui
907 2238 1011 2314 vertit,
1038 2257 1133 2313 neque
1156 2237 1189 2296 in

170 2326 224 2386 illo
247 2325 309 2386 iam
329 2325 439 2384 menda
462 2327 555 2384 erant.

259 2413 389 2474 Videtur
416 2416 518 2474 autem
546 2414 742 2492 archetypum
769 2413 915 2492 scriptum
941 2415 1034 2474 fuisse
1057 2413 1189 2492 Syrisce.

172 2503 258 2564 Certe
280 2503 412 2582 plurima
432 2503 555 2564 nomina
574 2501 686 2564 Graece
708 2503 832 2580 sapiunt
853 2506 944 2582 atque
963 2503 1037 2564 adeo
1056 2504 1188 2582 genetivi

173 2592 279 2654 Graeci
296 2593 409 2652 formas
426 2593 624 2667 retinuerunt,
642 2593 739 2652 velut:
760 2594 809 2652 14.
819 2583 948 2671 Ἀντέου,
968 2585 1187 2672 watinens-

109 2713 116 2733 ·
171 2698 236 2758 σης,
261 2673 483 2760 renuptae,
507 2683 580 2742 243.
594 2681 728 2761 Βάρεως,
752 2677 992 2760 267.Λιμὲνων,
1015 2673 1188 2760 277.Ἀμά·

172 2769 296 2850 occidor.
326 2769 384 2829 Sed
398 2770 489 2830 etiam
503 2769 619 2848 Syriaci
633 2770 745 2830 indices
760 2790 796 2830 ex
806 2769 926 2830 Graecis
940 2767 1073 2830 fontibus
1086 2771 1188 2830 hausti

172 2862 250 2918 sunt.
280 2859 386 2936 Neque
400 2861 475 2936 puio
490 2878 673 2936 quemquam
681 2857 812 2919 Arabem
827 2879 881 2936 pro
896 2859 1013 2936 syllaba
1024 2858 1138 2920 Graeca
1151 2863 1190 2932 ἇς

170 2947 303 3026 posuisse
321 2973 383 3033 αι)
406 2948 541 3008 velutin
562 2951 611 3010 91.
623 2939 828 3026 Ἐπιφανείας,
854 2949 926 3008 153.
943 2948 1113 3026 Θεσσαλίας,
1135 2947 1189 3008 sed

170 3037 239 3128 αλ,
262 3038 311 3097 vel
333 3057 388 3114 pro
407 3059 443 3114 ης
466 3037 551 3096 velut
573 3037 605 3095 in
630 3038 680 3096 15.
694 3037 866 3118 Βερονίκης,
890 3029 1187 3118 222.Ἁγαθογένης,

170 3145 221 3204 sed
243 3171 321 3237 αὴ,
345 3143 426 3220 quod
447 3145 612 3220 utrumque
635 3144 749 3204 factumi
772 3162 836 3205 esse
859 3142 980 3219 sSyris
1002 3162 1095 3220 supra
1113 3143 1189 3202 diri-

169 3270 244 3311 mus.
286 3250 352 3310 Iam
373 3249 483 3308 mirum
506 3267 566 3309 non
589 3253 634 3309 est
654 3250 771 3309 litteras
792 3251 830 3317 ό
848 3245 904 3326 (··--
920 3245 953 3327 k)
977 3253 1008 3309 et
1029 3256 1070 3318 ..5
1088 3245 1185 3330 (af)

40 3375 41 3380 κ
169 3341 249 3400 inter
272 3357 303 3399 se
326 3357 389 3399 ease
407 3341 592 3415 permutatas
612 3334 678 3416 (cfr.
695 3339 801 3398 Rukus
819 3357 874 3414 pro
892 3338 989 3398 Rufus
1009 3339 1081 3398 214.
1097 3337 1186 3418 232),

170 3432 241 3488 sunt
268 3428 346 3488 enim
370 3427 491 3504 Syriaco
518 3441 544 3489 2
573 3430 604 3486 et
630 3432 694 3503 ὣς
720 3427 769 3487 vel
790 3452 822 3505 υ
840 3421 944 3504 (2211)
968 3430 999 3486 ep
1019 3423 1126 3504 ΜΞ
1140 3425 1186 3506 k),

171 3515 292 3594 Syriaco
307 3517 385 3576 enim
400 3517 571 3577 scribuntur
583 3529 599 3573 s
612 3517 643 3575 et
655 3527 683 3575 a
698 3511 762 3592 (cfr.
768 3515 891 3574 Asekon
900 3531 955 3591 pro
962 3513 1185 3594 Asanon114)3
