2596 3932
165 196 289 252 CARX.
319 195 416 258 ORDO
436 195 590 252 PATRUM
607 195 754 252 NICAEN.
769 197 1001 254 RESTITUTUS.
1037 198 1113 254 LVII

179 365 218 423 ln
231 365 329 425 Ponto
343 365 551 425 Polemoniaco
563 363 700 424 Genetivi
714 365 825 426 formas
842 367 1109 446 Τραπεζοῦντος-

86 456 283 525 Πιτυοῦντος
306 447 798 535 (Τραπεζούντων-Πιτυούντων
820 447 863 536 V)
887 475 923 514 ex
944 455 960 513 Ι
982 456 1111 516 restitui.

85 544 124 602 In
160 543 371 620 Paphlagonia
404 537 599 614 Ἰωνοπόλεως
631 535 660 619 (Ι
688 542 720 600 Π
748 539 805 621 IV)
838 544 1024 604 scribendum
1056 549 1112 620 ast,

88 632 119 689 V
150 632 230 692 libro
264 631 382 692 serioris
415 631 524 692 aetatis
555 632 684 692 formam
708 623 914 704 Ἰουνοπόλεως
940 634 1111 708 praebente.

87 721 280 782 Amastridis
299 721 453 796 episcopus
471 723 517 780 est
534 720 721 796 ansyohius
740 716 835 798 (prior
852 721 983 781 recensio
1002 726 1033 781 et
1050 720 1112 801 HI)

87 811 178 872 cuius
193 827 303 868 nomen
317 810 413 868 altera
427 804 471 886 (et
482 805 523 888 V)
537 809 569 868 in
582 809 770 874 notissimum
779 810 959 886 Eutychinm
971 812 1111 872 mutavit.

183 899 251 958 Iam
264 901 451 958 transeamus
465 897 504 958 ad
518 897 671 958 Galatiam
684 899 876 974 provinciam.
908 899 953 958 De
966 899 1111 960 Marcello

84 988 233 1065 Ancyrae
265 987 401 1047 antistite
428 987 645 1064 disputavimus
673 988 710 1048 cf.
728 1007 757 1064 p.
774 987 836 1048 XL.
882 988 1001 1048 Tertiae
1028 989 1112 1048 urhis

85 1095 205 1138 nomen
232 1076 295 1135 iam
321 1076 354 1134 in
381 1076 542 1153 archetypo
570 1079 742 1153 corruptum
768 1077 859 1137 fuisse
883 1077 1009 1137 videtur.
1054 1079 1113 1138 llst

87 1167 165 1226 urbs
182 1159 376 1244 Ἐκὸαύμαυα
395 1161 534 1243 (Ptolem.
548 1166 576 1223 V
590 1167 674 1242 4,1o
689 1166 747 1226 v.l.
763 1159 962 1245 ’Mrdcdpuvea
984 1167 1112 1246 Egdava

87 1255 167 1315 Tab.
187 1250 288 1332 Peut.)
312 1274 402 1330 quarn
423 1255 613 1314 Ptolemaeus
635 1255 667 1312 in
689 1255 859 1331 provinciae
881 1255 1019 1316 Galatiae
1041 1275 1111 1333 par-

87 1345 175 1404 tibus
199 1343 369 1419 Lycaoniae
391 1343 497 1405 vicinis
525 1347 745 1404 commemorat.
790 1344 899 1404 Utrum
921 1344 1111 1424 Γαδαμαύων

88 1453 132 1492 an
151 1431 377 1510 Γαδαμαούσων
397 1451 435 1492 an
460 1433 548 1492 aliter
570 1432 602 1490 in
624 1432 721 1492 indice
740 1433 926 1493 scribendum
945 1434 984 1494 sit
1002 1435 1111 1494 nescio.

86 1521 225 1582 Difficile
256 1521 422 1580 diiudicatu
452 1524 509 1597 est,
541 1524 643 1580 utrum
669 1522 893 1598 Philadelphius
921 1519 949 1600 (I
971 1519 1043 1602 VH)
1071 1544 1111 1584 an

86 1610 309 1687 Philadelphus
333 1607 377 1687 (H
398 1611 445 1668 III
466 1610 511 1668 IV
528 1610 557 1668 V
574 1610 649 1668 VIII
671 1610 714 1669 IX
731 1607 787 1689 XI)
810 1611 933 1671 ultimus
956 1611 1112 1689 episcopus

89 1699 293 1777 appellandus
323 1699 374 1775 sit,
407 1719 474 1758 cum
501 1702 532 1758 et
556 1699 634 1758 hano
661 1702 692 1758 et
717 1699 802 1758 illam
829 1701 957 1759 formam
983 1704 1112 1777 utraque

88 1788 227 1849 recensio
252 1787 403 1864 praebeat.
449 1787 628 1846 Versionum
649 1787 681 1845 H
704 1791 735 1846 et
757 1788 831 1846 VIII
854 1789 980 1848 formam
1003 1791 1111 1866 recepi.

184 1877 234 1936 Ad
261 1877 365 1936 Asiam
391 1876 576 1953 provinciam
601 1875 733 1934 animum
761 1877 948 1936 attendentes
975 1877 1007 1936 in
1034 1877 1112 1938 diffi-

91 1968 241 2027 cultatem
263 1966 344 2024 hand
366 1967 463 2026 levem
485 1964 671 2040 iucurrirnua
694 1965 773 2041 quod
795 1965 875 2025 inter
898 1966 980 2025 sedes
999 1967 1112 2043 episco-

21 2126 24 2132 .
89 2057 179 2133 pales
211 2054 303 2114 Ilium
334 2054 381 2114 bis
412 2057 588 2114 recensetur.
640 2052 776 2114 Gelasius
809 2053 968 2130 Cyzicenus
1001 2052 1113 2132 (Menai

89 2146 123 2204 Π
138 2146 215 2219 881,
231 2140 308 2222 929)
328 2147 358 2204 et
375 2143 404 2201 V
422 2143 571 2203 Marinum
590 2143 718 2217 alterurn
735 2143 786 2202 llii
804 2145 972 2220 praesulem
986 2145 1112 2205 Troadis

91 2234 267 2310 episcopum
294 2232 422 2307 faciunt,
449 2233 494 2292 ita
520 2237 556 2292 ut
582 2236 613 2291 et
634 2232 685 2290 llii
712 2235 743 2292 et
764 2233 962 2294 Alexandriae
986 2234 1113 2294 Troadis

92 2321 229 2400 episcopi
252 2321 376 2381 concilio
396 2321 553 2381 adfuerint.
589 2321 626 2380 In
644 2321 761 2382 notitiis
780 2322 1004 2398 episcopatuum
1021 2323 1112 2382 Ilium

93 2415 218 2486 octava,
246 2410 339 2469 Troas
367 2429 446 2469 nona
469 2410 583 2470 sedium
606 2409 749 2487 Cyziceno
773 2411 903 2470 antistiti
926 2411 1111 2471 subditarum

94 2505 148 2560 est.
196 2499 239 2558 At
265 2502 414 2576 repugnat
440 2498 623 2558 familiarum
649 2499 718 2557 III
740 2500 787 2557 III
804 2499 879 2558 VIII
901 2500 943 2558 IX
970 2500 1014 2558 XI
1043 2519 1111 2560 oon-

95 2607 211 2664 sensus‚
225 2607 302 2664 quae
316 2588 466 2647 Marinum
479 2587 529 2646 Ilii
543 2587 581 2646 ad
594 2587 822 2664 Hellespontum
836 2588 1007 2665 episcopum
1020 2589 1112 2649 fuisse

95 2680 209 2738 diserte
237 2677 346 2736 dicunt.
394 2676 452 2735 Sed
479 2676 563 2736 cuins
586 2680 631 2735 est
652 2677 703 2734 Ilii
726 2674 838 2736 Orion?
882 2677 1021 2737 Forsitan
1044 2679 1113 2755 quis

96 2768 133 2826 de
151 2767 248 2826 Elaea
271 2765 456 2843 cogitaverit,
479 2765 562 2825 ouius
585 2768 616 2824 et
638 2769 707 2825 acta
727 2766 918 2826 conciliorum
937 2769 967 2826 et
985 2768 1112 2828 notitiae

94 2855 315 2916 ecclesiasticae
332 2855 513 2914 mentionem
526 2854 649 2914 faciunt.
687 2853 742 2914 oui
761 2855 893 2931 opinioni
906 2855 977 2916 libri
989 2857 1112 2916 minime

93 2947 208 3006 favent.
247 2942 414 3021 Stephanus
428 2943 592 3019 Byzantius
606 2943 655 3002 Ilii
674 2944 855 3003 mentionem
870 2945 944 3005 facit
958 2947 996 3005 ad
1009 2947 1111 3024 Rhyn-

95 3035 204 3094 dacum
223 3032 274 3092 siti
292 3051 313 3092 s.
328 3054 355 3092 v.
369 3027 473 3092 Ἴλιον·
493 3030 612 3112 δευτέρα
630 3029 662 3091 ἐν
680 3042 716 3117 τῇ
736 3033 918 3109 Προποντίδι
936 3033 1014 3116 παρὰ
1029 3027 1111 3096 ‘Pav-

96 3123 178 3207 δάκῳ
201 3126 332 3205 ποταμῷ.
369 3120 463 3191 Quod
476 3121 618 3198 oppidum
638 3121 664 3180 si
682 3141 814 3198 unquam
833 3123 915 3182 sedes
934 3124 1112 3201 episcopalis

95 3213 168 3288 fuit,
196 3211 254 3270 hoo
278 3230 337 3270 uno
360 3211 426 3270 looo
450 3214 706 3270 commemoratur.
751 3211 810 3270 Res
832 3212 863 3284 in
885 3212 999 3272 incerto
1021 3214 1110 3272 relin-

95 3299 215 3377 quenda
238 3303 291 3358 est.

186 3389 269 3447 Inter
291 3388 639 3464 episcoporumnomina
661 3388 804 3448 notabilis
828 3391 873 3448 est
895 3390 991 3451 forma
1009 3393 1113 3452 Ionica

94 3478 222 3538 Mithres
236 3477 343 3553 prioris
356 3477 534 3537 recensionis
550 3473 593 3556 (et
605 3474 674 3556 HI).
710 3477 760 3535 Ilii
773 3477 972 3553 Hellespontii
986 3481 1111 3541 antistes

95 3567 231 3628 Marinus
241 3569 286 3625 est
298 3567 330 3624 in
343 3567 358 3624 I
372 3567 402 3624 Π
416 3566 444 3624 V
454 3558 642 3647 (Μαριανὸς)
651 3567 703 3641 ΧΙ,
716 3565 866 3624 Macrinus
879 3566 911 3623 in
920 3567 967 3625 ΠΙ
980 3570 1054 3627 VIII
1067 3570 1110 3626 IX
