2596 3932
170 177 258 232 XLIV
426 175 501 234 CAP.
517 175 576 232 VH.
608 174 656 230 DE
674 173 838 230 RATIONE
857 173 933 230 ETC.

173 344 231 414 Qui
253 345 384 420 priorem
405 343 605 404 recensionem
624 343 750 419 scripsit,
773 362 881 402 nomen
898 343 944 402 bis
964 343 1097 418 positum
1114 364 1195 406 vero·

171 435 237 493 loco
262 433 414 508 expunxit,
435 433 513 492 falso
536 433 670 492 retinuit.
709 432 815 490 Altera
839 434 940 490 autem
961 433 1094 492 recensio
1112 451 1190 510 qua-

173 541 242 582 cum
265 525 434 600 congruunt
455 522 487 580 H
510 525 540 584 et
562 522 617 598 IX,
644 522 840 597 archetypum
861 521 999 598 religiose
1023 523 1189 598 exscripsit.

173 610 288 681 Quibus
306 611 448 688 exemplis
467 611 594 672 fortasse
613 614 643 670 et
658 609 762 686 Syriae
781 610 875 670 coeles
890 610 1044 686 episcopus
1060 611 1188 672 Sinicius

173 700 415 764 adnumerandus,
435 703 488 760 est.
524 700 560 758 ln
579 699 733 760 scribendo
751 699 834 758 urbis
852 699 971 758 nomine
989 719 1087 776 neque
1104 701 1190 776 prior

172 808 269 864 neque
293 790 389 850 altera
411 788 542 850 recensio
563 789 621 848 sibi
639 791 784 848 constant.
820 789 867 846 Ex
884 787 991 864 prioris
1011 790 1191 865 exemplari·

172 878 228 938 bus
246 879 262 936 l
279 879 369 938 habet
389 877 478 954 Cyru,
496 878 527 936 Π
546 877 625 954 Gyri,
642 877 671 935 V
689 895 758 937 vero
774 876 914 956 Kdupoo3
938 880 1042 938 contra
1060 879 1193 940 altanus·

171 968 350 1028 recensionis
377 967 424 1026 III
450 966 574 1042 praebet
602 963 701 1042 Cyni,
727 966 787 1024 VH
809 966 941 1042 Kypros,
968 969 1001 1026 at
1026 967 1070 1026 IV
1100 965 1194 1042 Cyro..

174 1047 373 1118 ΚΥΠΡΟΥ
392 1058 479 1116 vetus
497 1055 638 1114 mendum
651 1074 687 1114 ex
707 1047 887 1116 ΚΥΡΡΟΥ
907 1058 1007 1115 ortum
1021 1057 1075 1114 est.
1111 1056 1186 1116 Inde

173 1145 368 1206 concluserim
389 1145 421 1202 in
445 1144 606 1219 archetypo
626 1143 750 1224 Κύρρου
772 1144 917 1220 scripturn
938 1145 1038 1205 misse.
1056 1157 1057 1162 ’
1076 1143 1187 1214 Quam·

172 1253 265 1310 quam
283 1233 363 1292 enim
381 1233 490 1292 seriore
509 1235 609 1292 aetate
622 1231 727 1312 Κύρου
741 1233 887 1294 scribendi
900 1233 978 1294 ratio
992 1234 1190 1309 praevalebat

173 1319 222 1400 (cf.
243 1321 349 1400 Georg.
369 1321 457 1398 (lypr.
481 1321 525 1380 ed.
544 1320 581 1379 Η
602 1319 706 1380 Gelzer
727 1341 755 1398 p.
777 1317 867 1399 148),
895 1325 997 1382 tamen
1024 1339 1060 1381 ex
1087 1323 1189 1382 causis

171 1411 260 1472 modo
289 1411 389 1470 allatis
413 1410 535 1490 Κύρρου
563 1409 660 1470 forma
686 1410 792 1470 indicis
820 1411 982 1487 archetypo
1006 1411 1191 1472 vindicanda

173 1518 235 1560 esse
258 1500 386 1560 uidetur.
428 1498 486 1570 Qui
508 1499 620 1558 indices
642 1498 746 1579 Κύρου
770 1499 913 1576 scribunt,
935 1499 1054 1562 serioris
1077 1502 1190 1562 aetatis

173 1589 419 1652 consuetudinem
441 1588 537 1648 secuti
560 1591 638 1646 sunt.

261 1679 363 1738 Etiam
390 1677 422 1736 in
448 1677 588 1752 Europae
615 1680 646 1736 et
671 1677 785 1753 lllyrici
812 1678 986 1754 provinciis,
1017 1678 1071 1738 ubi
1098 1679 1192 1740 valde

172 1768 253 1830 inter
275 1785 306 1826 se
329 1767 472 1828 differunt
493 1766 651 1843 versiones,
674 1767 805 1826 recensio
819 1767 925 1826 altera
942 1767 1088 1828 nonnulla
1105 1773 1196 1830 recte·

171 1857 329 1918 tradidisse
361 1856 490 1916 videtur.
534 1856 620 1916 Prior
650 1855 781 1916 recensio
809 1856 979 1916 Thessaliae
1012 1857 1188 1934 episcopum

174 1945 374 2006 Claudianum
396 1945 495 2021 habet,
519 1945 550 2003 in
574 1945 657 2005 ouius
680 1945 779 2005 locum
801 1945 898 2004 altera
920 1944 1091 2006 Cleonicnm
1110 1947 1188 2006 The·

171 2035 284 2094 banum
302 2035 452 2111 subrogat.
487 2033 618 2094 (ileonici
635 2053 743 2093 nomen
756 2033 961 2094 Thessalicum
979 2036 1031 2093 est.
1065 2035 1185 2095 Thebae

171 2123 339 2183 Pthioticae
358 2123 442 2182 sedes
460 2122 637 2199 episcopalis
655 2122 784 2180 bierunt.
821 2122 893 2182 lnde
913 2123 1113 2200 colligendum
1132 2127 1186 2200 est,

171 2215 324 2272 auctorem
355 2211 461 2270 indicis
493 2211 552 2270 duo
584 2211 754 2286 praebuisse
786 2211 907 2272 nomina
934 2231 1063 2288 quornm
1089 2232 1186 2272 unum

170 2301 261 2378 prior,
284 2300 446 2374 secundnm
469 2299 565 2358 altera
586 2299 714 2360 retinuit
734 2301 876 2360 recensio.

258 2389 374 2450 Budins
401 2388 513 2448 Stulois
537 2383 593 2466 (ι-
613 2385 726 2467 Stobie)
752 2388 785 2448 in
811 2390 855 2448 IV
877 2390 1068 2450 Macedoniae
1097 2392 1194 2462 attii-j

170 2479 286 2554 buitur3
306 2481 399 2556 recte;
417 2497 487 2538 nam
504 2477 589 2538 Stobi
602 2478 794 2538 Macedoniae
812 2479 883 2538 urbs
901 2482 973 2538 sunt
991 2498 1083 2554 quam
1100 2481 1185 2556 prior

169 2569 201 2630 in
220 2567 405 2628 Dardaniam
422 2568 546 2644 relegat.
583 2567 630 2625 ΠΙ
646 2587 729 2628 more
747 2586 800 2628 suo
819 2569 892 2626 duas
911 2568 1095 2628 recensiones
1114 2588 1185 2630 con-

169 2657 307 2716 taminat.
343 2657 457 2716 Eodem
479 2657 545 2716 loco
568 2675 627 2732 quo
650 2657 694 2714 IV
712 2656 843 2716 Badium
865 2652 971 2733 (Budis
989 2655 1186 2736 Asteriensis)

169 2746 268 2822 habet,
292 2763 418 2821 eumque
438 2748 543 2821 postea
560 2745 678 2820 repetit.
714 2745 797 2804 lnter
814 2745 999 2806 Dardaniam
1017 2749 1049 2806 et
1065 2747 1185 2806 Panno-

148 2835 251 2894 niam
277 2834 445 2910 provincias
473 2834 658 2894 Thessaliam
685 2837 716 2894 et
737 2834 922 2894 Dalmatiam
949 2835 1045 2910 addit,
1073 2836 1185 2911 quibus

171 2923 368 2984 Claudianum
395 2922 630 2983 Thessaliensem
662 2925 692 2982 et
723 2923 856 2982 Badium
887 2922 1048 2984 Stuborum
1075 2956 1118 2966 -
1147 2944 1184 2984 ex

168 3013 267 3090 priore
289 3011 459 3072 recensione
480 3014 633 3071 mutuatos
657 3044 700 3054 -—
723 3012 864 3090 assignat.

260 3100 372 3171 Quibus
404 3100 544 3176 exemplis
573 3099 674 3160 allatis
701 3101 773 3160 satis
803 3101 943 3176 probasse
970 3100 1044 3160 milri
1070 3101 1186 3178 videor,

169 3193 201 3250 2'n
227 3189 411 3250 restituendo
439 3192 559 3266 patrum
586 3189 787 3250 Nicaenonnn
813 3190 922 3265 indice,
955 3189 1074 3249 etiamsi
1099 3190 1185 3266 prior

168 3280 300 3340 recensio
323 3281 411 3356 longe
433 3278 634 3355 praestantior
657 3278 708 3354 sit,
730 3281 831 3338 tamen
854 3299 890 3339 ne
914 3279 1038 3338 alterius
1062 3278 1193 3355 quidem.

168 3369 346 3429 recensionis
369 3367 542 3428 memoriam
563 3385 684 3443 prorsus
707 3368 921 3444 neglegendam
945 3387 1015 3428 esse.
