2538 3926
371 829 542 888 Declaratio
566 829 771 906 opiscoporum

341 935 457 994 concilii
479 935 604 994 Nicaeni
632 935 687 994 sub
714 929 802 1014 fide¹)

150 1060 238 1118 Haeo
267 1062 337 1118 sunt
363 1059 483 1119 nomina
511 1060 714 1136 episcoporum
745 1061 798 1136 qui
825 1061 1076 1138 subscripserunt:

61 1149 186 1209 illorum
219 1148 272 1223 qui
300 1149 470 1226 congregati
500 1152 571 1208 sunt
597 1149 727 1208 Nicaeae
757 1151 810 1226 qui
838 1150 1077 1226 subscripsenmt

61 1238 150 1298 fidem
175 1237 376 1297 orthodoxam.

343 1409 398 1473 Ex
421 1409 610 1494 Hispania
634 1410 796 1494 quidem:

64 1537 218 1687 [pepigflq
236 1542 263 1598 1.
278 1540 377 1599 hosios
395 1541 435 1598 hir
451 1540 542 1616 tpolis
597 1540 707 1600 Hosius
735 1541 767 1600 in
792 1542 915 1602 ciuitate
939 1542 1076 1602 Corduba

127 1633 199 1688 ortu
219 1639 236 1688 δ

290 1716 334 1775 ite
357 1716 442 1776 credo
465 1719 502 1776 ut
524 1736 615 1793 supra
638 1719 782 1794 scriptum
806 1723 851 1779 est

63 1823 543 1900 bekonmnionokentiosnepres·
596 1824 675 1882 Beco
699 1829 729 1884 et
746 1825 935 1886 Innocentius
954 1826 1075 1902 presby-

105 1912 228 1989 byteros
641 1913 699 1972 teri

65 2036 293 2112 subscripsimus
312 2042 365 2112 pro
385 2036 522 2112 episeopo
536 2039 638 2096 nostro
655 2037 708 2113 qui
722 2039 767 2096 est
781 2038 936 2114 episcopus
950 2039 1075 2116 Romae3

64 2123 107 2183 ita
130 2125 226 2184 credit
249 2129 285 2184 ut
307 2144 398 2201 supra
420 2126 564 2202 scriptum
588 2129 640 2186 est.

351 2295 609 2362 Alexandriae
633 2296 787 2385 (rakote):

66 2428 92 2484 2.
117 2427 292 2487 alexandros
320 2429 544 2504 parchcepislro-
597 2428 765 2487 Alexander
788 2429 1024 2505 archiepiscopus
1044 2429 1076 2488 in
1090 2441 1111 2461 ‘

114 2536 169 2592 pos
189 2514 313 2576 nrakoto
331 2520 381 2576 rito
399 2518 497 2576 kome:
539 2544 541 2548 ·
642 2516 824 2576 Alexandria
846 2517 979 2594 Aegypti

155 2686 325 2773 Aegypti
349 2692 385 2752 et
408 2688 616 2754 Thebaidis
641 2692 729 2752 sunt
752 2688 982 2772 quindecim:

67 2817 93 2874 3.
117 2819 204 2877 athas
226 2819 267 2875 hri
289 2818 406 2876 skcthie
595 2818 691 2877 Athos
715 2817 746 2876 in
770 2818 890 2877 Scethia
909 2823 939 2850 ‘

68 2907 94 2963 4.
118 2906 306 2966 adamanties
329 2907 370 2964 hir
388 2907 470 2966 koeis
595 2906 794 2966 Adamantius
817 2907 849 2966 in
873 2906 1018 2983 Cynopcli
1037 2933 1060 2952 ·

68 2997 94 3053 5.
116 2996 238 3054 tiberios
261 2995 302 3052 hri
323 2993 437 3053 thmui'
597 2995 731 3054 Tiberius
755 2996 787 3054 in
810 2996 918 3054 Thmui

68 3083 95 3140 6.
118 3085 200 3161 gaios
223 3084 264 3142 hri
285 3087 414 3160 tpanycs
597 3082 689 3144 Gaius
713 3085 745 3142 in
767 3085 884 3160 Panyos

70 3173 95 3228 7.
118 3176 259 3248 potamon
281 3173 322 3230 hri
343 3173 500 3232 heraklous
596 3173 742 3232 Potamon
764 3174 796 3232 in
818 3173 1058 3250 Heracleopolk

118 3262 249 3321 throidos
641 3257 837 3341 <Se>throide

70 3381 277 3392 ψ

137 3461 163 3528 1)
185 3459 217 3584 id
239 3460 293 3513 eet:
324 3457 373 3527 qui
400 3473 502 3512 nomen
530 3458 581 3513 sub
606 3457 673 3513 fidei
698 3455 898 3528 professionem
920 3455 1075 3510 Niceenam

69 3544 224 3595 poenorum.
