2596 3932
170 190 192 244 L
260 188 337 242 CAP.
349 187 382 242 X.
411 185 508 243 ORDO
527 185 678 242 PATRUM
697 183 1094 242 111111111111111111.

171 357 268 416 tentia
296 357 353 430 111,
382 355 412 414 11
438 355 470 416 in
497 353 638 431 synodico
667 354 807 430 cuiusque
834 353 1004 430 provinciae
1032 353 1188 412 antistites

173 445 344 506 coniunctos
372 443 588 506 1111111111
615 443 694 504 enim
720 461 809 504 causa
836 461 889 502 cnr
911 442 1057 519 Aegyptii
1080 443 1188 508 ceteris

172 535 395 610 praeponantur
417 533 562 610 episcopis
586 532 749 610 excogitari
771 531 821 592 vix
843 535 951 608 potest

262 621 293 684 Si
321 641 391 682 vero
418 641 464 682 res
489 621 534 681 ita
557 640 588 682 se
610 621 713 697 habet,
742 621 879 697 colligere
903 621 986 695 licet,
1012 619 1127 680 indices
1149 620 1189 681 de

173 711 279 786 quihus
311 711 402 771 verba
432 710 597 772 facimus'
589 731 621 768 m
621 711 696 770 timo
725 709 941 772 familiaritatis
968 709 1088 770 vinonio
1119 728 1189 771 cum

174 799 308 876 synodici
335 800 556 860 enumeratione
584 799 755 860 coniunctos
784 817 854 858 esse.
901 798 1062 861 Auctorem
1092 797 1191 874 igitur,

173 889 327 965 archetypi
357 889 491 965 synodici
517 889 627 948 librum
658 887 844 962 descripsisse
872 887 1059 961 crediderim,
1090 887 1124 946 in
1151 905 1189 946 eo

173 981 292 1039 tantum
313 977 350 1036 ab
370 978 503 1052 exemplo
523 977 695 1054 digressum,
720 976 799 1052 quod
816 976 993 1038 Antiochiae
1011 976 1189 1050 Hierosoly·

172 1085 345 1141 morumque
377 1066 528 1141 praesides
560 1067 625 1126 loco
659 1066 755 1126 movit
785 1065 1004 1141 provinciisque
1038 1065 1099 1127 suis
1136 1065 1189 1124 ad·

173 1155 324 1216 iudicavit.

572 1291 784 1304 -ι-ιω--ιιιοι--ιι

606 1475 688 1562 Cap.
712 1475 750 1540 X.

342 1617 426 1686 ordo
449 1618 578 1705 patrum
600 1617 815 1684 Nicaenorum
837 1617 1019 1684 1111111111.

261 1777 307 1836 Ex
333 1775 380 1836 his
404 1793 480 1852 quae
502 1774 590 1837 modo
614 1775 832 1851 disputavimus
855 1775 887 1834 id
908 1775 989 1834 haud
1011 1773 1100 1834 dubie
1124 1775 1188 1834 effi-

174 1867 250 1926 citur
272 1883 357 1926 veras
376 1864 575 1926 Nicaenorum
597 1867 717 1940 panum
740 1863 971 1939 subscriptiones
990 1863 1110 1924 restitui
1129 1883 1192 1926 non

173 1974 267 2031 posse.
303 1955 408 2030 Neque
431 1972 507 2030 quae
531 1953 652 2014 nomina
673 1953 706 2014 in
723 1952 884 2014 Athanasii
908 1953 1048 2028 synodico
1067 1971 1191 2014 recensa

174 2045 247 2118 sint,
276 2062 330 2120 pro
360 2045 439 2103 certo
468 2041 679 2118 exploratoque
708 2041 855 2102 affirmare
883 2059 1047 2117 possumus.
1093 2042 1190 2104 Nobis

173 2131 266 2208 igitur
288 2131 320 2190 id
342 2134 460 2190 tantum
482 2131 669 2230 propositum
692 2149 754 2192 esse
777 2133 889 2207 potest,
918 2150 953 2190 ex
976 2130 1101 2190 diversis
1124 2151 1191 2192 ver·

174 2219 305 2280 sionibus
323 2221 444 2294 patrum
461 2219 582 2280 nomina
599 2219 645 2281 ita
660 2219 825 2295 restituero,
844 2220 904 2278 ut
895 2239 928 2278 m
941 2219 1072 2306 indicum
1087 2220 1190 2280 arche·

173 2313 246 2388 typo
280 2307 391 2384 scripta
427 2310 520 2368 erant.
573 2305 631 2370 Sed
666 2309 757 2368 etiam
790 2309 831 2368 sic
863 2327 952 2386 opere
983 2299 1015 2366 in
1049 2307 1190 2385 exiguum

174 2399 392 2476 angustumque
416 2397 567 2458 contracto
590 2397 686 2458 multe
708 2397 873 2458 necessario
892 2398 1007 2458 incerta
1024 2400 1056 2456 et
1073 2397 1191 2461 lubrica

174 2490 268 2546 erunt.
313 2485 349 2546 Id
374 2488 474 2546 111111
487 2503 601 2548 moneo
629 2505 676 2546 mo
698 2486 731 2544 in
755 2486 936 2562 disponendo
959 2485 1056 2546 indice
1079 2486 1191 2562 prioris

173 2574 361 2652 potissimum
383 2573 561 2634 recensionis
583 2575 730 2636 rationem
749 2575 896 2650 habuisse,
920 2578 950 2634 et
967 2573 1091 2636 familiis
1109 2575 1190 2636 inter

174 2685 204 2726 se
229 2663 462 2740 discrepantibus
485 2664 501 2735 1
522 2663 553 2722 Π
574 2667 605 2724 11
626 2664 713 2738 VIII,
737 2663 847 2738 quippe
870 2683 946 2740 quac
970 2663 1100 2739 optimae
1125 2683 1189 2722 esse

114 2746 117 2752 ’
174 2753 339 2828 videantur,
359 2752 447 2812 duces
461 2752 593 2828 elegisse.
623 2751 729 2814 Gracci
743 2756 842 2812 autem
857 2752 988 2829 catalogi
1001 2753 1054 2828 qui
1066 2753 1189 2814 nomina

174 2859 397 2916 nonnumquam
420 2841 532 2902 omittit
555 2845 592 2917 11,
617 2841 696 2918 quod
718 2840 815 2900 maius
839 2844 892 2916 est,
915 2842 1068 2904 nominum
1086 2842 1187 2902 termi-

174 2930 310 2990 nationes
325 2947 411 3005 saepe
425 2930 456 2987 in
470 2930 554 3005 peius
568 2934 675 3005 mutat
688 2930 784 2989 rarius
798 2933 917 2993 tantum
930 2931 1077 2990 rationem
1087 2931 1187 3014 habui,

263 3018 328 3078 Iam
351 3018 377 3078 si
399 3018 583 3080 admittimus
606 3039 709 3080 verum
729 3022 849 3094 patrum
866 3019 1067 3080 Nicaenorum
1085 3039 1187 3078 nume-

174 3129 240 3169 rum
264 3127 331 3166 eum
354 3125 416 3166 esse
439 3127 527 3183 quem
549 3108 695 3168 Eusebius
720 3107 917 3168 Caesariensis
940 3109 988 3170 111
1011 3108 1188 3170 Eustcthius

174 3197 376 3258 Antiochenus
394 3197 588 3274 1111111111,
608 3201 711 3260 auctor
728 3197 833 3258 indicis
851 3217 889 3256 ne
908 3217 975 3258 cum
993 3198 1049 3258 hoc
1068 3197 1187 3273 quidem

174 3305 295 3346 numero
324 3286 468 3345 convenit.
514 3286 586 3344 Inde
614 3286 788 3348 concludere
816 3286 887 3344 licet
913 3307 950 3345 nc
973 3287 1005 3346 in
1027 3285 1188 3346 Athanasii
1242 3327 1244 3334 ·

175 3375 294 3449 quidem
326 3375 465 3450 synodico
498 3393 598 3434 omnes
629 3375 777 3438 Nicaenos
809 3378 909 3450 patres
943 3376 1053 3434 relatos
1085 3375 1188 3435 fuisse

175 3463 279 3536 Neque
312 3465 356 3520 est
388 3481 440 3521 cur
469 3463 618 3521 miremur.
663 3461 754 3521 Haud
784 3463 911 3521 multum
939 3463 1035 3538 abest,
1067 3464 1139 3538 quin
1168 3483 1188 3522 a

176 3550 299 3608 concilio
323 3550 455 3610 Niceeno
484 3551 521 3609 ad
544 3551 649 3626 synodi
678 3551 715 3610 ab
738 3551 903 3610 Athanasio
926 3551 1045 3610 habitae
1068 3555 1188 3627 tempus
