2596 3932
93 162 235 220 CARXIL
246 162 574 222 uour‘aramcax
582 163 675 218 ALIIS
685 163 1000 220 rorrbasurffra
1032 164 1106 224 LXV

512 397 561 464 Ga
589 396 690 464 ,ΧΠ

96 529 229 598 Nomina
242 531 372 618 patrum
385 422 599 600 rimeromA
616 550 657 598 er
675 529 752 598 aliis
766 530 911 598 fortibus
926 529 1107 620 desumpta.

180 689 204 746 Ι.
229 689 364 748 Primum
382 708 418 748 ea
435 689 557 750 uomina
571 706 782 764 componamus
796 707 873 763 quae
887 689 1025 748 nonnulli
1038 688 1109 748 libri

95 776 198 840 iudicis
219 778 382 854 archetypo
400 797 435 836 ex
454 778 522 838 aliis
540 777 672 838 fontibus
691 780 832 838 mutuata
848 776 963 836 addunt
976 780 1108 853 praeter·

95 865 183 928 misso
206 866 306 928 indice
330 866 461 944 Goptico,
484 866 520 926 de
543 885 603 943 quo
626 884 681 926 suo
703 867 768 927 loco
792 866 977 926 disseremus.

181 955 357 1033 Aegypti:
504 959 532 1016 1.
555 955 744 1031 Papnuutius
768 955 803 1016 de
827 954 965 1032 Aegypto
988 953 1034 1014 111

556 1043 749 1122 Παφνούτιος
771 1043 800 1102 V

182 1134 480 1210 Mesopotamiae:
504 1136 532 1194 2.
557 1134 685 1210 Symeon
708 1133 835 1194 Amidae
857 1133 899 1194 IX

504 1225 532 1282 3.
556 1224 712 1284 Maruthss
735 1222 947 1298 Martyropolis
970 1221 1012 1280 IX

503 1313 533 1372 4.
558 1311 701 1388 Georgius
725 1313 869 1389 Singarae
891 1311 934 1370 IX

183 1401 395 1477 Diospouti:
505 1402 533 1459 5.
557 1401 712 1477 Helpidios
736 1400 902 1462 EdesionI

184 1490 331 1566 Lyciae:
504 1492 533 1550 6.
558 1489 705 1562 Νικόλαος
727 1489 847 1569 Μύρων
869 1489 898 1546 V

184 1579 365 1640 Isauriae:
504 1581 532 1638 7.
557 1578 728 1638 Gordianus
752 1579 977 1654 chorepiscopus
1001 1577 1044 1636 IV

185 1670 366 1744 Europae:
505 1671 534 1728 8.
557 1669 676 1728 Marcus
700 1666 870 1728 Gomoonsis
893 1668 924 1726 H
946 1667 993 1726 ΠΙ

94 1755 305 1833 Paphnutium
323 1761 459 1817 auctores
477 1756 523 1814 ΙΠ
538 1761 567 1815 et
581 1757 609 1813 V
622 1757 820 1834 inseruerunt,
839 1756 920 1832 quod
934 1756 966 1814 in
979 1756 1111 1816 historiis

99 1847 306 1909 ecclesiasticis
317 1847 440 1906 summis
450 1845 590 1906 laudibus
600 1849 716 1921 patrem
730 1845 912 1904 celebratum
925 1844 1111 1904 invenerunt.

98 1931 299 2003 Quamobrem
322 1936 434 1996 iniuria
456 1935 494 1996 ah
517 1935 623 1996 indicis
646 1937 768 1994 auctore
792 1953 861 1992 eum
883 1933 1026 1994 omissum
1049 1951 1111 1994 esse

100 2027 291 2097 putaremur.
315 2025 386 2083 Tres
397 2025 502 2100 Syriae
516 2023 670 2084 orientalis
680 2023 841 2099 episcopos,
856 2025 892 2082 ut
904 2021 1112 2097 iamvidimus,

100 2111 141 2170 IX
163 2113 199 2172 de
223 2132 280 2174 suo
302 2113 425 2174 addidit.
467 2113 623 2189 Helpidios
645 2112 775 2172 Edosion
799 2131 889 2188 quem
906 2111 971 2172 sola
988 2111 1113 2187 praehet

101 2197 116 2260 Ι
133 2201 252 2264 familia
270 2222 306 2262 ax
323 2202 464 2278 Helpidio
483 2201 617 2262 Oumuno
635 2202 781 2278 repetitus
801 2219 864 2260 esse
884 2201 1012 2260 videtur.
1055 2201 1112 2262 Sed

101 2290 174 2364 quid
196 2292 308 2353 mirum
329 2291 412 2350 urhis
435 2310 542 2352 nomen
565 2291 621 2352 sibi
639 2291 721 2366 velit,
745 2291 891 2366 explicare
910 2309 1034 2366 nequeo.
1070 2290 1114 2348 IV

102 2376 179 2438 iuter
198 2380 377 2443 Anatolium
399 2380 642 2456 chorepiscopum
664 2384 695 2440 et
716 2380 847 2440 Paulum
867 2379 1013 2440 Laraudis
1037 2377 1113 2441 Gur-

102 2465 226 2530 dianam
241 2469 483 2544 chorepiscopum
495 2469 608 2528 inserit.
631 2469 745 2528 Eadem
754 2469 871 2528 familia
881 2468 913 2526 iu
923 2466 1114 2544 Cappadocia

105 2552 289 2635 Gorgonium
311 2557 532 2634 praetermittit.
575 2557 633 2617 Sed
654 2557 719 2616 fieri
737 2557 787 2617 vix
809 2559 916 2632 potest,
939 2560 975 2616 ut
995 2557 1064 2616 inde
1082 2557 1114 2616 in

104 2642 252 2706 Isauriam
264 2647 446 2706 translatum
460 2665 522 2706 esse
537 2646 707 2706 iudicamus.
740 2646 786 2706 De
799 2646 900 2707 Marco
914 2646 975 2706 iam
989 2646 1114 2723 egimus.

191 2735 231 2796 IL
254 2735 363 2796 Index
382 2734 553 2812 Copticus
577 2736 727 2812 permulta
749 2735 870 2794 nomina
893 2735 1012 2796 exhibet
1034 2755 1114 2812 quae
1160 2809 1164 2818 Ι

105 2819 135 2880 in
158 2824 265 2886 ceteris
288 2824 371 2884 libris
395 2824 510 2884 desunt.

192 2913 364 2991 Aegypti:
511 2917 538 2972 1.
561 2912 655 2974 Gaius
678 2913 710 2972 iu
732 2914 850 2989 Pauyos

510 3005 539 3062 2.
562 3004 706 3078 apok...
730 3021 847 3079 prao..

512 3093 539 3152 3.
562 3091 670 3152 Petrm
693 3092 725 3152 iu
746 3091 955 3168 Heracleopoli

511 3183 540 3240 4.
563 3180 639 3240 Dius
661 3181 693 3240 in
716 3180 896 3257 Antaeopoli
989 3229 991 3234 .

195 3269 404 3330 Phoenices:
513 3271 540 3328 5.
565 3269 734 3345 Synodorus
757 3270 790 3328 in
812 3270 967 3332 Antarado

513 3359 542 3416 6.
564 3358 689 3420 Ballsus
712 3359 744 3420 in
767 3359 897 3420 Therses

199 3446 339 3521 Syriae:
514 3449 542 3506 7.
565 3447 727 3508 Heliconos
750 3448 782 3508 in
804 3447 903 3508 Ahala

199 3533 460 3611 cappadociae:
513 3537 541 3594 8.
564 3537 678 3598 Paulus
701 3539 733 3598 in
756 3537 869 3612 Spania

163 3641 228 3682 Nom.
237 3647 296 3692 patr.
306 3643 400 3685 Nicaea
411 3646 446 3686 ad.
457 3643 545 3686 Gelzer.
890 3651 905 3687 e
