2596 3932
156 130 219 184 LVI
255 129 330 184 CAP.
346 128 379 183 X.
411 126 507 182 ORDC
526 126 678 181 PATRUM
695 126 842 182 NICAEN.
860 126 1094 183 RESTITUTUS.

156 296 329 356 Maratham
350 293 746 372 Martyropolis-Georgium
770 295 921 373 Singarae.
968 294 1024 364 Qui
1048 315 1118 355 cum
1141 297 1181 355 in

158 386 226 446 aliis
249 385 433 444 versionibus
457 385 592 444 omnibus
616 384 721 460 desint,
744 403 798 460 pro
822 384 1021 460 suppositiciis
1040 385 1179 444 habendi

157 478 235 534 sunt.
276 474 331 532 Vir
350 473 441 550 Syrus
461 475 499 534 ad
522 463 689 551 augendam
710 473 827 548 patriae
850 473 977 550 gloriam
1000 474 1079 534 cives
1102 493 1179 534 suos

156 563 249 622 iudici
272 563 388 622 adiecit.

246 652 282 710 In
319 651 424 711 Cilicia
459 651 613 728 provincia
649 669 750 710 omnes
786 651 935 710 versiones
970 654 1091 727 praeter
1128 652 1179 710 IV

156 741 304 800 familiam
326 741 467 800 Latinam
489 760 565 818 quae
590 741 687 798 multa
708 739 830 798 nomina
852 740 1010 816 praeterit,
1038 744 1070 799 et
1092 741 1177 800 Nar-

157 831 265 892 cissum
291 830 470 890 Neroniadis
499 833 529 890 et
550 829 724 888 Narcissum
746 829 911 905 Irenopolis
939 829 1077 888 afferunt.
1123 830 1176 888 In·

157 919 230 980 dicis
266 920 360 997 igitur
392 922 495 978 auctor
530 919 594 994 ipse
627 918 752 978 eundem
783 919 950 994 praesulem
980 917 1027 978 bis
1060 919 1176 995 posuit.

155 1009 252 1066 Valde
285 1008 454 1084 discrepant
489 1007 640 1067 versiones
670 1007 703 1065 in
734 1007 902 1068 Macedonii
932 1007 1018 1066 urbe:
1056 1008 1176 1067 usitata

155 1097 284 1157 nominis
307 1097 403 1155 forma
427 1097 554 1156 occurrit
575 1095 608 1154 in
630 1095 658 1152 V
680 1096 756 1154 VIII
777 1092 1052 1174 (Mompsuhestia),
1074 1097 1107 1155 H
1129 1097 1175 1156 IX

157 1182 403 1262 (Mopsuhestia)‚
439 1186 484 1244 ita
520 1185 612 1243 etiam
642 1184 702 1242 VH
737 1185 844 1262 legisse
881 1185 1008 1244 nominis
1040 1186 1175 1263 vestigia

157 1268 246 1333 ‘esti’
282 1273 418 1349 probant.
473 1273 611 1332 Nominis
643 1273 771 1333 formam
802 1275 956 1350 vulgarem
987 1273 1173 1350 Manxiston,

155 1363 311 1422 Maususta
343 1365 397 1421 etc.
424 1363 440 1420 I
465 1363 512 1420 IH
539 1363 582 1420 IV
609 1362 652 1421 XI
679 1363 798 1420 habent.
844 1363 1057 1422 Verumtamen
1090 1365 1174 1440 apud

157 1451 298 1528 Graecos,
326 1454 471 1527 quantum
493 1451 595 1527 video,
621 1452 695 1510 haec
721 1451 818 1510 forma
839 1471 987 1528 nusquam
1009 1452 1172 1511 invenitur.

156 1540 288 1600 Seriores
307 1559 408 1600 omnes
426 1541 544 1618 vulgari
562 1539 709 1599 scribendi
728 1540 797 1598 stilo
814 1543 932 1600 utentes
946 1540 1172 1618 Mopsouestia

156 1625 392 1708 (Μαμψουεστία
410 1629 537 1690 Halalas
557 1624 701 1706 326,11)
724 1629 843 1688 habent.
884 1630 933 1688 Ita
952 1629 1045 1688 etiam
1062 1630 1173 1689 indicis

156 1722 261 1778 auctor
278 1719 428 1795 scripsisse
442 1719 569 1779 videtur
605 1717 757 1796 Aegeatae
771 1718 916 1794 praesulis
930 1737 1038 1778 nomen
1052 1723 1084 1778 et
1097 1719 1171 1778 'Iar-

156 1809 363 1868 condimantus
387 1804 415 1886 (1
437 1809 483 1867 IH
504 1807 580 1866 VIII
602 1803 657 1885 IX)
683 1810 714 1866 et
733 1807 978 1866 Tarcodimantus
999 1804 1043 1883 (H
1064 1807 1110 1865 IV
1128 1805 1170 1886 V)

156 1897 303 1957 scribitur.
342 1898 430 1957 Prior
451 1898 548 1958 forma
569 1896 838 1974 praestantioribus
860 1896 1038 1956 testimoniis
1061 1897 1170 1956 nititur

156 1989 187 2044 et
209 1986 307 2045 verior
330 1990 376 2046 est
399 1982 449 2062 (cf.
469 1985 576 2046 Strabo
599 1985 670 2044 XIV
687 1986 748 2046 676
761 1983 796 2058 C3
819 1985 878 2045 Dio
902 1983 982 2044 Cass.
1001 1987 1053 2061 41,
1070 1987 1169 2062 63,1;

156 2076 208 2148 47,
223 2076 274 2147 26,
291 2076 308 2130 2
334 2071 411 2151 etc).

245 2161 450 2237 Cappadociae
469 2164 500 2220 et
513 2161 672 2221 Armeniae
690 2161 814 2222 minoris
832 2163 983 2238 praesules
997 2163 1059 2222 iam
1073 2164 1167 2224 absol-

154 2252 252 2311 vimus
267 2245 316 2328 (cf.
324 2270 353 2326 p.
360 2247 507 2328 XXXIX)
543 2249 709 2309 Ccuuinam
725 2252 831 2310 seriem
844 2251 989 2327 praebent
1001 2253 1017 2310 Ι
1030 2253 1106 2310 VIII
1118 2253 1168 2312 XI.

154 2340 284 2398 Paulum
299 2338 428 2416 Spaniae
442 2339 538 2399 versio
555 2337 678 2416 Coptica
697 2359 732 2398 ex
751 2341 810 2399 alio
829 2341 913 2400 fonte
932 2341 1024 2400 addit.
1059 2341 1168 2401 Contra

155 2430 187 2487 in
205 2429 350 2488 Armenia
371 2429 484 2488 maiore
508 2429 608 2488 omnia
628 2429 742 2488 incerta
761 2433 837 2488 sunt.
874 2429 890 2486 I
908 2430 1013 2489 ceteris
1031 2430 1064 2488 in
1081 2431 1168 2490 rebus

155 2518 292 2596 egregius
307 2519 392 2578 testis
406 2517 588 2594 Arsaphium
603 2516 732 2577 Sobmon
746 2518 844 2577 nescio
859 2519 936 2578 unde
951 2519 1045 2577 affert.
1082 2520 1167 2579 Aliae

154 2626 225 2667 vero
244 2607 394 2667 versiones
418 2626 519 2666 omnes
541 2607 620 2666 inter
643 2625 674 2664 se
697 2607 877 2666 conveniunt
894 2607 992 2682 priore
1011 2609 1076 2668 loco
1098 2607 1166 2667 Gre-

156 2695 233 2773 gorii
256 2695 469 2755 illuminatoris
491 2696 587 2754 filium
609 2698 761 2771 ponentes.
807 2695 943 2755 Nominis
966 2716 1037 2755 vera
1059 2698 1167 2757 forma:

153 2785 307 2844 Aristaces
321 2785 389 2842 HV
398 2785 473 2842 VIII
485 2785 529 2842 XI
542 2785 622 2844 inter
635 2803 666 2844 se
681 2784 851 2860 compositis
866 2785 1019 2844 evincitur.
1047 2787 1166 2846 Nomini

154 2873 301 2932 Aristacis
329 2874 361 2931 in
383 2873 443 2931 VH
466 2876 496 2932 et
518 2873 593 2931 VHI
619 2874 719 2950 patria
742 2873 885 2932 Armenia
907 2874 1038 2934 additur.
1085 2874 1167 2946 Quod

154 2963 281 3022 fortasse
301 2981 404 3022 verum
423 2965 475 3021 est.
511 2962 584 3021 Inde
604 2963 683 3021 enim
705 2963 870 3039 explicatur
891 2963 919 3019 V
938 2966 969 3022 et
986 2964 1061 3023 VHI
1079 2965 1165 3024 libro·

153 3073 221 3112 rum
250 3071 344 3127 error,
373 3051 424 3127 qui
447 3051 606 3127 Diosponti
634 3052 804 3128 provinciae
827 3051 1005 3112 vccabulum
1028 3055 1166 3130 oppidum

156 3160 218 3202 esse
252 3141 456 3200 existimantes
488 3140 576 3200 alteri
603 3141 762 3200 Armeniae
793 3141 930 3217 episcopo
958 3143 1166 3202 attribuenmt.

157 3229 246 3290 Cuius
278 3249 385 3290 nomen
410 3230 533 3288 Acriten
565 3229 655 3289 fuisse
682 3230 697 3287 Ι
724 3230 755 3288 H
783 3230 830 3288 IH
856 3230 931 3288 VHI
958 3231 1000 3288 XI
1032 3231 1165 3306 probant.

154 3319 267 3378 Veram
289 3319 442 3378 nominum
460 3318 619 3394 Diosponti
641 3318 812 3394 provinciae
836 3319 941 3376 seriem
963 3319 1074 3378 habent
1091 3319 1164 3378 HV

155 3407 215 3464 VH
237 3407 312 3465 VHI
338 3407 381 3465 IX
407 3407 459 3466 XI.
504 3406 644 3464 Amasiae
676 3407 795 3482 praesul
826 3406 1030 3482 Eutychianus
1059 3405 1087 3484 (I
1109 3408 1165 3466 VH

153 3495 230 3552 VHI
247 3491 303 3572 ΧΙ)
323 3497 442 3570 rectius,
461 3515 550 3572 quam
564 3495 729 3570 Eutychius
748 3492 791 3571 (H
809 3495 855 3552 IH
873 3495 901 3550 V
915 3492 970 3572 IX)
990 3497 1123 3571 appellat
1157 3543 1164 3557 .
