2596 3932
185 180 273 235 LVIII
310 177 387 233 CAP.
398 177 433 234 X.
461 175 559 232 ORDO
578 177 730 232 PATRVM
745 175 891 233 NICAEN.
906 177 1141 236 RESTITUTUS.

185 367 246 424 qua
273 365 308 406 ex
335 347 430 408 forma
452 345 601 406 Macarius
624 343 765 422 Copticue
790 346 934 406 versionis
962 351 1120 423 corruptus
1151 352 1205 408 esi.

187 436 275 512 Syria
300 434 395 514 igitur
420 435 516 495 versio
539 435 615 492 VIII
641 435 721 512 qnod
747 453 815 494 raro
843 435 942 496 evenit
964 454 1032 494 cum
1054 436 1206 497 deteriore

184 523 354 584 recensione
376 525 457 583 facit.

273 613 689 690 InLydiaprovinciaverum
702 612 784 672 urbIs
794 612 935 672 Antiochi
946 631 1054 672 nomen
1063 613 1207 675 Aurelio-
1282 621 1283 632 ³

185 703 262 779 polis
286 707 331 763 est
354 703 433 779 quod
455 702 486 760 Π
509 706 540 764 et
562 702 608 760 III
630 701 749 762 habant.
791 701 1032 778 Aurelianopolis
1054 704 1206 778 praebent

185 793 308 852 alienius
334 789 513 851 recensionis
541 793 633 852 testes
659 790 703 850 IV
725 787 784 849 VII
813 793 844 849 ei
870 791 977 866 priorIs
1000 791 1028 848 V
1050 791 1129 850 VIII
1153 793 1204 853 lx.

184 882 257 941 Inde
280 879 473 942 concluserim
490 879 600 942 falsam
616 875 745 940 nominis
763 881 890 939 formum
907 880 969 938 ium
986 880 1018 938 in
1037 882 1204 959 archetypo

184 969 275 1031 fuisse
299 989 390 1047 quam
411 967 527 1028 librarii
549 969 685 1028 nonnulli
707 965 793 1028 docio
816 969 1018 1028 emendarunt.
1060 970 1204 1032 Zroivioc

184 1079 291 1120 nomen
314 1077 349 1117 ex
372 1057 523 1118 Σιλάνδου
545 1058 587 1116 Ire
610 1057 705 1128 Quian
729 1055 763 1118 O.
781 1055 832 1117 oh.
855 1057 959 1133 1883,
983 1077 1019 1116 ex
1040 1059 1203 1120 Blasio-riou

184 1150 316 1224 Ramsay
339 1140 404 1229 (ihc
426 1146 580 1206 historioal
604 1165 703 1224 geogr.
727 1147 761 1206 of
776 1145 851 1206 Asia
868 1147 966 1206 minor
987 1167 1015 1223 p.
1033 1140 1113 1228 134)
1139 1167 1204 1208 cor·

184 1240 306 1312 ruptum
324 1255 386 1295 esse
405 1239 532 1295 censent.
570 1235 751 1295 Antiochum
764 1236 1071 1296 Hierocaesariensem
1088 1237 1203 1313 addidi,

185 1323 256 1401 quia
282 1327 361 1384 hunc
387 1325 555 1400 praesulem
581 1328 700 1400 praeter
726 1324 755 1382 V
783 1328 813 1384 ei
839 1323 914 1382 VIII
946 1327 977 1384 eb
1002 1325 1050 1383 hic
1079 1325 1204 1400 quidem

184 1414 289 1473 ultimo
317 1415 382 1473 loco
410 1413 541 1490 praebet.
587 1411 688 1474 Facile
714 1413 808 1491 igitur
836 1433 854 1472 a
881 1413 987 1473 coieris
1013 1413 1202 1476 versionibus
1284 1409 1285 1412 ¹

187 1503 288 1562 omitti
310 1503 416 1579 potuit.

272 1591 308 1649 In
331 1591 529 1668 Phrygiarum
556 1589 728 1666 praesulum
750 1590 889 1667 catalogo
911 1591 1030 1650 urbium
1054 1590 1148 1651 Sanai
1173 1596 1203 1652 ei

185 1681 371 1758 Synadorum
393 1679 515 1739 nomina
535 1679 615 1738 inber
637 1697 667 1738 se
690 1678 801 1738 similia
818 1679 940 1757 negotia
956 1680 1088 1740 librariis
1106 1679 1202 1742 faces·

183 1774 262 1830 sunt.
293 1770 352 1828 VII
366 1767 484 1828 urbium
497 1769 577 1828 locos
591 1768 729 1828 mutarit.
766 1771 889 1828 Σαναοῦ
904 1769 1015 1845 scripsi.
1048 1770 1202 1831 Συνάδων

183 1857 370 1920 scribendum
397 1876 459 1918 esse
487 1877 547 1916 una
573 1881 592 1917 ν
620 1857 724 1917 libicra
751 1861 906 1933 corruptae
934 1857 1047 1917 formae
1074 1858 1091 1916 I
1119 1863 1150 1918 et
1173 1860 1202 1916 V

184 1951 311 2010 collatae
335 1967 401 2008 oum
418 1947 461 2006 XI
484 1945 599 2006 efficere
617 1947 763 2008 videniur.
800 1946 970 2006 Azanorum
992 1947 1149 2024 episcopus
1168 1949 1202 2007 in

183 2039 211 2095 V
235 2041 265 2096 ei
291 2038 350 2096 VII
376 2036 477 2095 Pisius
504 2039 562 2109 θείη
589 2053 694 2094 verum
720 2053 827 2094 nomen
854 2036 982 2095 Pisiious
1011 2037 1102 2096 ceteri
1130 2037 1202 2097 libri
1286 2107 1287 2112 η

184 2127 302 2185 hebeni.
352 2123 484 2183 Ultimus
513 2123 669 2199 episcopus
698 2123 730 2181 in
759 2123 775 2181 I
801 2124 847 2182 HI
875 2127 905 2184 eb
932 2125 1017 2184 libris
1046 2127 1202 2186 nonnullis

185 2214 317 2274 familiae
346 2213 377 2270 H
404 2212 649 2288 Hieropolitanus
676 2215 813 2288 vocatur,
843 2213 890 2273 iia
917 2215 952 2272 ui
979 2213 1014 2272 de
1041 2215 1200 2291 Hieropoli

185 2302 333 2362 Salutaris
353 2299 502 2378 Phrygiae
526 2301 652 2379 cogitari
674 2301 782 2378 possii3
806 2299 857 2361 sed
880 2302 916 2361 cf.
935 2301 1010 2360 VIII
1031 2294 1201 2380 'Jr'spwlws

184 2394 203 2450 i.
223 2411 247 2451 e.
266 2383 358 2472 Ἱερᾶς
379 2388 499 2462 πόλεως.

271 2481 308 2539 In
325 2477 439 2539 Pisidia
460 2478 614 2554 provincia
632 2477 816 2538 Limenensis
839 2479 970 2556 episcopi
988 2497 1096 2539 nomen
1114 2502 1200 2558 pere-

184 2571 303 2648 grinum
325 2569 407 2630 varie
430 2585 449 2628 a
471 2569 602 2628 librariis
624 2571 798 2644 conupbrm
820 2572 872 2626 esi.
917 2570 1044 2629 Formae
1066 2570 1199 2631 Aranius

183 2661 288 2720 iuveni
304 2659 320 2716 I
337 2659 368 2716 Π
386 2657 430 2715 IV
447 2657 507 2715 VH
524 2657 574 2716 XI.
611 2657 656 2715 De
670 2656 825 2716 Theodoro
839 2655 985 2717 Usadensi
1002 2658 1064 2717 iam
1083 2660 1200 2738 egImus

184 2769 212 2824 p.
226 2745 333 2806 XLIII.
370 2746 464 2822 Lycia
481 2746 634 2822 provincia
652 2765 745 2805 unum
762 2745 886 2822 praebes
904 2747 1082 2823 episcopum.
1119 2747 1202 2809 Nam

185 2837 343 2896 Nicolaum
368 2835 537 2911 Myrensem
565 2833 696 2894 Graecus
723 2851 759 2893 ex
785 2834 847 2894 ulio
872 2835 955 2894 fonte
982 2835 1106 2895 adelidis
1153 2838 1200 2896 De

184 2925 405 3003 provinciarum
417 2923 616 3000 Pamphyliae
633 2927 664 2982 et
675 2923 846 2984 Insularum
863 2923 1034 2984 numiuibus
1050 2925 1201 3004 ambiguis

183 3017 245 3075 iam
272 3013 497 3090 disputavimus.
544 3011 712 3090 Sbabegius
734 3012 853 3088 Iremui,
881 3014 933 3089 qui
960 3013 1052 3072 eiiam
1075 3014 1200 3076 Achivis

184 3102 372 3182 praesulibus
391 3103 569 3179 assignabis,
586 3101 649 3161 iem
662 3101 702 3161 ab
715 3101 869 3178 archetypi
888 3104 1010 3162 auctore
1022 3103 1068 3162 bIs
1082 3105 1200 3179 positus

184 3197 237 3254 est.
274 3193 310 3251 In
325 3190 413 3251 Caria
426 3193 605 3271 Κιβυρατῶν
623 3191 737 3267 scripsi,
755 3191 771 3249 I
789 3194 820 3249 ei
833 3190 907 3248 Vll]
925 3189 1069 3250 librorum
1087 3191 1200 3253 indicia

184 3285 310 3342 secutus.

273 3369 443 3430 Nonnullae
462 3367 640 3429 diliculiaies
658 3367 750 3427 indici
767 3368 939 3428 Ismarum
957 3368 1075 3428 urbium
1088 3369 1200 3430 insunt.

185 3459 263 3518 Urbs
287 3458 460 3535 Oorcpisaus
487 3459 519 3517 in
542 3458 558 3515 I
582 3456 735 3533 OurpIssu‚
763 3456 795 3514 iu
818 3455 846 3513 V
868 3456 1018 3538 Γορπίσου
1046 3458 1201 3534 scribitur3

187 3547 238 3606 sed
264 3547 295 3604 Π
317 3547 364 3604 III
386 3545 429 3605 IV
451 3547 494 3606 XI
524 3547 650 3606 formum
677 3543 863 3625 Κοροπισσός
894 3543 1062 3604 defendunt.
1110 3547 1203 3608 Urbis
1280 3607 1283 3616 .
