2596 3932
207 181 287 238 cAP.
301 183 335 236 X
365 181 464 237 ORDO
484 181 636 236 PATRUM
654 180 800 238 NIGAEN.
813 181 1044 239 RESTITUTUS.
1084 183 1133 240 LV

117 350 254 410 Gabnlae
276 351 324 409 ΠΙ
347 355 378 410 et
402 350 538 410 Gabbola
560 349 604 408 IV
627 351 742 426 aliquid
764 351 837 410 certi
861 352 1002 410 constitui
1024 355 1131 428 potest

115 441 189 516 quia
220 441 278 498 hae
310 439 444 500 familiae
476 438 605 498 Graecas
635 440 746 498 formas
777 441 905 498 retinere
936 459 995 500 non
1027 442 1132 500 solent.

115 529 244 605 Coptica
265 547 337 590 vero
360 529 457 590 versio
480 524 661 606 (Karbulon)
684 528 879 604 plurimorum
903 529 1023 588 urbium
1044 548 1131 590 voca·

115 619 258 678 bulorum
274 637 376 677 casum
389 621 505 677 rectum
519 617 661 676 adhibens
676 617 827 694 genetivos
841 617 873 674 in
888 611 950 677 ‘on'
965 617 1132 678 desinentes

115 725 206 782 saepe
224 708 356 766 intactos
373 707 518 782 relinquit
536 707 572 766 cf.
586 707 757 782 Palmyron,
781 706 968 781 Samusaton,
988 705 1131 784 Gabalon,

116 796 246 855 Adanon
276 795 346 854 alia.
391 797 556 874 Γαβουλῶν
577 795 670 854 habes
692 795 798 854 Euseb.
818 795 916 854 chron.
936 795 980 854 ed.
1000 795 1131 856 Schoene

115 885 132 944 I
154 887 233 961 App.
249 886 301 959 83,
317 887 345 960 5,
368 882 403 943 τὰ
427 884 564 963 Γάβουλα
586 884 619 942 in
640 883 736 943 indIce
759 883 830 960 Byz.
850 883 961 943 Ztsebr.
980 881 1083 944 1251.

206 974 291 1033 Inter
316 973 445 1032 Arabius
472 973 623 1048 praesules
650 973 860 1032 difficultatem
886 973 1030 1048 praebent
1055 971 1131 1032 Gen·

114 1063 225 1122 nudius
257 1066 288 1121 et
319 1061 454 1138 Sopater.
501 1061 648 1120 Gennadii
678 1062 750 1121 urbs
782 1066 828 1121 est
856 1055 1034 1141 Ἰσβούνὸων
1061 1061 1077 1122 Ι
1103 1061 1131 1119 V

114 1142 426 1229 (ΙΕΒΟΥΝΔωΝ
458 1151 490 1208 in
517 1147 546 1207 V
573 1171 609 1210 ex
637 1141 929 1211 ICBOYNAoeN
959 1154 1132 1228 comptum

114 1238 190 1319 est),
225 1233 383 1320 ’Iododccov
412 1240 456 1315 Π,
488 1238 631 1319 Σβόντων
662 1240 721 1315 ΠΙ,
755 1233 942 1319 Ἐσβούντων
973 1241 1018 1300 IV
1049 1241 1131 1316 VHI,

112 1322 291 1408 'Iododvruv
314 1329 427 1404 scripsi.

205 1419 323 1478 Nomen
345 1418 428 1476 urbis
451 1418 498 1476 oui
522 1416 649 1493 Sopater
670 1419 789 1494 praeest
811 1417 954 1498 Βερίτανα
976 1419 1024 1478 vel
1044 1414 1130 1498 Bapt-

114 1529 190 1567 τανα
223 1524 285 1567 esse
313 1507 440 1567 videtur.
489 1506 539 1564 Illi
568 1507 697 1566 nominis
724 1507 837 1565 formae
864 1506 910 1564 III
937 1507 973 1582 V,
1005 1506 1074 1566 huic
1100 1505 1131 1564 11

114 1597 159 1654 IV
186 1597 263 1654 VIII
294 1593 337 1654 IX
369 1595 479 1654 favent.
529 1594 703 1674 Βεριτάνευς
736 1593 841 1656 Graeci
872 1596 1046 1675 Βεριτανεύς
1078 1597 1131 1670 est,

113 1686 256 1745 ethnieon
287 1688 323 1743 ut
357 1683 517 1760 Ταυθίτης.
561 1683 610 1743 Ab
636 1683 772 1744 omnibus
804 1683 872 1744 aliis
904 1685 988 1744 libris
1019 1681 1131 1744 recedit

112 1775 129 1832 1
148 1773 298 1850 Sopatros
315 1773 424 1832 Ilristis
442 1772 595 1832 Botanias.
631 1771 758 1831 Videtur
781 1771 840 1833 ali0
864 1774 947 1832 fonte
968 1791 1040 1832 usus
1059 1791 1130 1849 esse,

112 1867 148 1922 ut
176 1863 209 1922 in
232 1861 376 1922 Armenia
400 1861 520 1920 maiore.
566 1861 799 1937 Mesopotamiae
822 1862 953 1938 quinque
977 1862 1130 1937 episcopos

112 1954 270 2012 recensent
292 1951 336 2008 IV
353 1949 382 2009 V
400 1949 460 2007 VH
477 1945 559 2026 Vm,
583 1953 727 2026 quattuor
748 1950 764 2007 I
785 1950 816 2008 Π
838 1951 885 2008 ΙΠ
907 1947 957 2008 XI.
998 1949 1130 2010 Ultimus

54 2049 56 2052 ⁴
112 2043 195 2100 enim
226 2039 381 2116 episcopus
403 2039 550 2098 Iohannes
577 2038 609 2097 in
631 2037 678 2098 his
700 2039 784 2098 libris
807 2037 988 2116 emungitur,
1015 2037 1130 2100 Persidi

113 2129 288 2206 provinciae
311 2129 483 2188 attributus
519 2128 556 2186 In
579 2147 707 2188 errorem
729 2128 845 2188 librarii
868 2129 982 2188 inducti
1006 2145 1068 2188 esse
1087 2130 1130 2189 vi·

112 2220 224 2278 dentur
247 2217 369 2276 Eusebii
392 2217 496 2276 verbis.
542 2218 572 2276 Is
596 2217 675 2276 enim
698 2220 804 2278 auctor
826 2221 872 2278 eet
894 2217 986 2278 etiam
1007 2217 1130 2278 Persam

112 2307 289 2384 episcopum
311 2306 443 2365 Nicaeno
472 2306 596 2366 concilio
624 2307 803 2366 interfuisse.
851 2305 940 2367 Cuius
966 2325 1074 2367 nomeu
1096 2311 1131 2366 ut

111 2397 280 2456 multorum
298 2395 426 2454 aliorum
443 2397 564 2469 patrum
581 2395 740 2454 intercidit.
773 2395 939 2456 Verborum
952 2415 1023 2457 vero
1038 2394 1129 2456 Euse-

112 2486 273 2544 bianorum
297 2501 440 2542 memores
464 2483 577 2542 scribae
600 2485 767 2544 antistitem
789 2485 899 2554 Pemee
921 2483 1002 2544 urbis
1025 2486 1129 2546 Persa-

112 2593 183 2632 rum
211 2573 381 2649 episoopnm
408 2571 549 2630 fecerunt.
594 2573 744 2632 Notabilis
773 2575 818 2633 est
846 2573 957 2634 ethnici
979 2575 1075 2634 forma
1098 2576 1130 2634 in

112 2663 252 2723 versione
277 2661 401 2737 (Ioptica
422 2660 560 2720 Persicos
583 2661 601 2719 i.
621 2679 645 2720 e.
670 2661 832 2742 Περσηνός.
880 2662 922 2723 cf.
943 2663 1043 2740 Steph.
1058 2665 1129 2741 Byz.

113 2771 137 2811 e.
153 2769 181 2811 v.
203 2747 315 2829 Πέρσα·
341 2747 468 2809 δυνατὸν
487 2745 519 2808 δὲ
538 2748 588 2808 καὶ
608 2749 768 2831 Περσηνὴν
785 2751 887 2811 εἰπεῖν.
926 2749 1023 2812 Simili
1041 2754 1129 2822 modo

114 2835 256 2899 ‘Sirinos’
279 2839 456 2899 vocabulum
484 2839 563 2913 quod
590 2839 694 2898 eadem
718 2837 814 2900 versio
837 2837 945 2901 Iacobo
970 2842 1067 2918 addit,
1096 2863 1131 2902 ex

113 2923 309 3006 ‘Neordpvtr'
333 2929 504 3002 corruptum
527 2930 580 2986 est.

208 3013 350 3075 Edessam
386 3015 530 3092 praesulis
562 3033 665 3076 verum
696 3035 803 3077 nomen
835 3019 959 3094 praebet
992 3019 1130 3095 Graecus,

111 3100 271 3178 ’Λειθαλᾶς
294 3123 362 3164 eum
384 3105 553 3179 nominans,
577 3105 628 3181 qui
652 3109 682 3164 et
706 3106 788 3182 Syris
811 3108 967 3168 Aitallaha
990 3112 1042 3168 est.
1088 3109 1130 3166 At

113 3195 226 3272 optimi
262 3194 332 3252 libri
360 3193 376 3250 Ι
406 3193 437 3250 Π
468 3193 543 3250 VIII
571 3187 716 3267 Ἀειθιλᾶς
754 3195 861 3274 legIsse
892 3197 1038 3256 videntur.
1084 3197 1130 3255 Ea

113 3285 213 3362 igitur
231 3283 326 3341 forma
345 3281 505 3358 archetypo
524 3279 703 3343 vindicanda
721 3287 775 3359 est,
794 3303 884 3360 quam
903 3284 1040 3360 Graecus,
1064 3303 1130 3344 cum

115 3371 261 3431 Aithalae
284 3389 391 3429 nomen
414 3389 450 3428 ex
472 3374 642 3430 sanctorum
665 3373 739 3431 actis
762 3374 790 3432 ei
812 3377 917 3432 notum
935 3377 1021 3447 esset,
1044 3373 1129 3432 docte

116 3461 256 3521 correxit.
293 3459 365 3518 Tres
384 3457 512 3534 denique
529 3460 681 3536 epIscopos
695 3461 940 3520 Nestorianorum
959 3458 1046 3517 index
1061 3456 1128 3534 (IX)

116 3551 199 3608 inter
225 3549 359 3608 Marcum
389 3551 419 3606 et
445 3547 613 3607 Iohannem
643 3550 760 3608 Inserit:
793 3549 968 3624 symeonem
990 3545 1128 3603 Amidae-
