2596 3932
309 193 357 247 EX
375 192 467 246 ALIIS
485 190 666 247 FONTIBUS
685 187 888 244 DESUMP'I'A.
1008 187 1107 242 LXVII

91 363 235 434 recenset3
265 361 317 419 sed
344 364 378 419 ut
405 360 483 419 hune
510 379 669 418 numerum
697 360 886 434 assequatur,
915 357 1056 433 quinque
1070 377 1106 416 ex

94 447 221 507 cocvss
249 468 325 526 quas
354 453 508 508 enumerat
535 449 658 507 urbibus
685 447 784 521 birca,
811 445 905 505 tribus
935 446 1029 505 trinos
1054 446 1104 505 ad-

92 537 187 614 signat
206 539 369 614 praesules.
407 537 532 597 Serioris
552 538 647 614 igitur
666 536 732 609 aovi
750 537 916 594 commenta
934 535 1007 594 haec
1026 539 1104 608 sunt.

90 625 165 684 Dein
193 627 300 688 eodem
327 627 414 687 modo
443 630 534 703 atque
559 625 690 698 Graecus
713 625 802 683 index
824 623 977 682 nominum
1000 624 1105 684 seriem

91 733 123 772 ex
137 716 263 775 diversis
283 717 499 776 contaminavit
517 715 658 790 fontibus,
678 733 805 790 quorum
822 713 854 771 in
872 732 993 773 numero
1013 713 1105 772 etiam

89 802 174 862 index
202 806 366 864 secundum
390 805 559 881 provincias
584 804 745 880 dispositus
768 802 836 862 fuit.
882 800 967 860 Unde
991 801 1104 874 factum

90 896 140 968 est,
163 896 199 952 ut
225 895 370 953 nonnulla
392 894 514 953 nomina
536 894 583 952 bis
604 895 793 969 ponerentur.
831 890 901 948 Alia
920 893 1023 950 auctor
1041 891 1104 966 ipse

89 979 205 1041 finxmse
221 983 350 1042 videtur.
387 983 510 1042 Accedit
529 982 608 1058 quod
625 982 745 1040 urbium
758 980 879 1040 nomina
893 998 1104 1055 saepenumero

89 1072 151 1128 tam
173 1072 263 1130 foede
287 1075 426 1148 corrupta
449 1075 526 1146 sunt,
550 1074 586 1130 ut
609 1071 644 1130 de
666 1071 704 1129 iis
728 1069 867 1128 sanandis
890 1069 979 1144 plane
1003 1069 1104 1145 despe-

90 1160 216 1218 randum
244 1161 293 1220 sit.
339 1159 548 1235 Quamobrem,
576 1180 613 1218 ne
640 1159 795 1218 nominum
822 1160 1028 1234 conuptorum
1050 1159 1105 1232 ¹vel

88 1267 208 1322 prorsus
233 1251 415 1309 incertorum
437 1249 561 1308 nimiam
583 1249 693 1307 molem
715 1250 863 1322 extruam,
886 1247 1103 1323 praetermissis

90 1336 226 1398 Arabicis
254 1339 407 1400 vocabulis
439 1357 488 1398 eos
518 1340 637 1397 tantum
666 1337 816 1413 praesules
844 1336 1001 1395 recensebo
1030 1355 1103 1412 quos

89 1423 176 1485 index
205 1427 336 1487 Graecus
364 1427 408 1485 VI
436 1447 483 1500 ea=
499 1427 558 1486 alio
591 1427 673 1486 fonte
702 1445 792 1501 quam
820 1445 855 1484 ex
881 1425 1104 1500 provinciarum

91 1517 228 1594 catalogo
253 1516 426 1593 desumpsit.

127 1606 153 1662 1.
178 1606 356 1686 Σίλβεστρος
375 1597 487 1683 Ῥώμης
508 1605 536 1663 Χ
553 1607 569 1662 1

93 1692 153 1752 23.
177 1694 330 1776 Καριακὸς
352 1692 402 1754 καὶ
424 1692 587 1774 Σανρίδαν
608 1691 851 1772 Τριμνθούνταν.
898 1691 1046 1768 Spyridon
1070 1713 1105 1752 ex

177 1784 305 1843 historia
328 1782 527 1844 ecclesiastiea
550 1781 670 1841 additur

125 1871 154 1930 4.
177 1875 283 1952 Καρῶν
307 1868 421 1950 Edesco

127 1960 154 2018 5.
179 1960 378 2038 Παφνούδιος
401 1958 631 2040 Αἰρνννοδύαδος
659 1957 779 2017 additur
807 1977 842 2016 ex
864 1957 990 2016 historia
1013 1960 1103 2018 ecole-

80 2043 81 2046 '
178 2051 301 2110 siastioa
325 2050 361 2109 ef.
380 2050 423 2108 IV
446 2050 474 2107 V
495 2050 523 2108 X

127 2138 154 2194 6.
178 2137 343 2221 Διόσκορος
362 2131 480 2198 Ἀντὲον
503 2137 562 2196 VH
584 2137 612 2196 X

129 2227 155 2284 7.
180 2225 294 2308 Πέτρος
314 2220 460 2307 Ἡρακλῆς
482 2227 542 2284 VH
563 2227 590 2284 X

127 2315 155 2374 8.
179 2317 332 2389 Λικώνιος
350 2309 494 2396 ‘Hydriae
517 2315 553 2374 cf.
567 2315 627 2372 VH
643 2317 682 2372 77

128 2406 155 2464 9.
175 2405 358 2486 ,Ζηνόδωρος
377 2397 564 2484 Ἀνταράὸαν
586 2403 645 2462 VH

108 2492 156 2552 10.
179 2493 381 2573 Ζευματιοινὸς
403 2493 523 2571 Λιβύης
544 2493 572 2550 X
588 2489 671 2551 168?

108 2580 155 2640 11.
179 2586 253 2656 Δῖος
272 2576 495 2664 Ἑρμοααόλεως

86 2669 155 2728 .12.
176 2665 321 2750 Ἀχιλλεὺς
344 2674 477 2732 Χασσῶν
500 2671 527 2728 Χ

110 2758 156 2817 13.
179 2760 327 2840 Βάλλαχος
350 2757 449 2838 Πὲλης
471 2760 498 2818 Χ

109 2847 156 2906 14.
179 2847 294 2930 Βαρλὰς
320 2846 427 2927 Θελὲης
449 2848 509 2906 VII

110 2935 156 2996 15.
176 2931 332 3010 ’Λντώνιος
355 2941 481 2997 Λαοιῶν
504 2937 531 2995 Χ

110 3024 156 3086 16.
181 3026 329 3099 Νικόλαος
352 3022 485 3106 Μυρέων
508 3026 537 3082 V
558 3027 585 3084 X
607 3025 778 3101 Menologia

89 3113 156 3173 ¹17.
176 3108 315 3195 Ἀνδρέας
337 3114 553 3196 χαρεαίσκοπος
576 3115 604 3173 Χ

110 3201 156 3264 18.
173 3199 321 3285 ’Ἀγδαμος
343 3204 560 3284 χαρεαίσκοαος
582 3203 610 3262 Χ

111 3290 156 3352 19.
179 3290 327 3365 Βικέντιος
347 3285 505 3371 Ἀμμηνῶν

109 3378 156 3439 20.
176 3375 314 3461 Ἀρτεμᾶς
338 3381 485 3460 nepotata
507 3379 612 3440 X55‘?

110 3467 156 3528 21.
179 3469 322 3543 Λεόντιος
344 3469 562 3550 χωρεαίσκοαος

111 3555 156 3616 22.
179 3559 350 3630 Εὐστάθιος
374 3561 528 3639 Παρνασοῦ
552 3551 608 3639 (=
625 3559 786 3637 Παρνασοῦ
810 3556 846 3613 cf.
860 3555 886 3612 Χ
902 3555 943 3612 80
962 3545 1100 3631 Brn’sw’)

852 3653 887 3704 θ*
