2596 3932
191 211 315 272 GARX.
343 209 441 266 ORDO
460 207 612 264 PATRUII
629 207 1020 267 MoasN.RcsT1Torus
1058 209 1118 264 LIX

104 381 329 440 Umanadorum
361 398 468 440 nomen
498 377 531 437 in
563 379 723 455 archetypo
756 376 942 456 Οὑμανάδων
975 379 1119 456 scriplum

98 471 191 529 inisse
225 469 352 529 videtur.
397 469 514 527 Nomen
542 469 591 526 vel
622 467 654 526 in
681 465 854 527 Umandron
882 459 932 549 (cf.
957 468 972 526 I
999 461 1042 549 V)
1070 469 1118 528 vel

98 559 133 618 in
155 558 353 634 Tymanadon
381 550 432 639 (cf.
451 555 498 615 III
519 548 608 637 VIII)
637 574 655 615 a
681 555 810 616 librariis
841 556 1037 632 depravatum
1064 559 1116 617 esi

103 647 251 708 Ultimum
278 646 410 707 Isauriae
439 646 611 722 episcopum
637 645 851 705 Diocaesareae
880 663 942 704 esse
970 642 1004 705 Ο.
1025 644 1117 705 Ounbz

98 740 184 798 'recle
205 736 290 797 vidia
331 735 403 794 Veri
428 734 557 795 nominis
578 734 708 812 vesiigia
729 735 793 794 sola
815 733 931 793 familia
954 733 985 792 H
1007 735 1117 809 ienuib3

97 843 204 885 ¹omnes
233 825 312 884 aliae
336 823 499 904 Παροιπίας
519 816 666 902 Ἰσαυρίος
692 823 844 899 praebent„
891 821 1025 898 Septimo
1051 841 1117 882 oon-

102 915 172 974 cilie
200 913 389 974 oecumenico
418 913 515 972 adfuit
541 915 574 971 eb
594 911 699 972 Manno
725 912 881 988 episcopus
903 911 1117 971 Diocaesareae

101 1004 319 1062 Pracanorum:
351 1001 575 1082 Διοποπσοιρείος
606 999 774 1080 Προικάνων
807 993 920 1082 (Massi
946 1000 1020 1060 XIII
1040 1002 1116 1073 3713

102 1091 241 1164 Μάνζων
272 1088 429 1163 ἐπίσκοπος
460 1089 684 1170 Διοκαισορείος
715 1089 789 1148 XIII
809 1082 901 1171 149);
933 1089 1012 1150 idem
1044 1089 1117 1149 aclis

100 1180 263 1241 subscribit
297 1179 330 1238 in
366 1180 482 1240 actione
513 1179 573 1237 VH
609 1172 721 1261 (Mansi
756 1179 830 1238 XIII
850 1170 947 1260 397):
984 1177 1118 1251 Μάνζων

101 1267 225 1343 ἀνάξιος
259 1265 417 1340 ἐπίσκοπος
449 1267 618 1349 Πραπάνων
650 1271 682 1327 ei
712 1267 821 1327 nobilia
852 1267 926 1326 VIII
958 1286 1032 1327 saec.
1067 1259 1117 1349 (de
1184 1259 1186 1268 ‘

101 1360 192 1418 Boor.
212 1359 307 1418 stch.
326 1358 346 1416 f.
365 1355 591 1434 Xirchengesch.
606 1357 699 1417 ’1891
725 1377 753 1433 p.
774 1347 853 1438 529)
881 1359 1013 1416 recenset
1040 1356 1118 1415 inber

100 1447 259 1524 episcopos
284 1445 435 1510 Seleuciae
463 1446 609 1508 subdilos:
635 1445 759 1506 bertium
781 1441 816 1525 γ’.
845 1441 1115 1526 ὁΔιοκαισαρείας.

103 1540 245 1613 quarbum
273 1531 307 1594 d.
340 1532 356 1596 ὁ
384 1533 551 1614 Hennaeae.
596 1533 680 1595 Unus
708 1534 844 1610 idemque
873 1534 1029 1611 episcopus
1060 1537 1117 1594 aab:

103 1623 120 1686 ὁ
149 1623 375 1706 Διοκοισορείας
406 1621 471 1702 ἢτοι
503 1625 714 1703 Παροιπιανῆς.
766 1622 864 1682 Simili
894 1623 982 1683 modo
1016 1626 1119 1683 auctor

101 1714 210 1774 indicis
238 1713 296 1772 duo
324 1713 446 1772 nemina
468 1704 566 1795 (prius
591 1711 717 1800 forbasse
739 1711 801 1771 iam
824 1704 1010 1793 eomuplum)
1033 1731 1117 1789 prae-

101 1803 201 1863 buisse
224 1802 307 1862 videi
344 1847 350 1861 .

195 1889 286 1967 Cypri
308 1894 339 1950 eb
360 1889 521 1965 Bilhyniae
543 1889 697 1965 praesules
720 1888 752 1946 in
776 1888 911 1948 omnibus
934 1888 1117 1950 versionibus

101 1984 184 2040 recle
202 1979 370 2048 traduntur.
407 1977 552 2038 Euebhius
572 1977 752 2054 comparabis
769 1976 849 2036 iuter
866 1995 897 2037 se
920 1977 951 2036 11
969 1977 997 2036 V
1016 1977 1058 2037 IX
1076 1978 1119 2038 XI

97 2063 266 2150 Ἆὸριονῶν
288 2067 458 2129 scribendus
482 2070 533 2127 esi.

193 2158 230 2218 In
260 2157 319 2218 fine
350 2156 455 2218 iudicis
487 2155 539 2233 qui
566 2153 720 2232 Europam
747 2158 777 2215 ei
804 2155 918 2232 Illyrici
950 2155 1117 2234 provincias

101 2246 314 2324 complectitur
340 2263 451 2324 magna
478 2248 508 2304 eb
535 2244 689 2304 nominum
715 2246 745 2304 eb
773 2243 884 2304 ordinis
908 2245 1040 2305 confusio
1065 2248 1116 2306 osb.

102 2337 119 2396 I
147 2335 370 2412 provinciarum
396 2332 544 2394 voreebula
570 2333 683 2395 duobus
711 2333 841 2410 exceptis
869 2334 969 2394 omnia
997 2333 1117 2394 omiibil.

102 2424 264 2500 Praecipui
286 2426 377 2483 ‘restes
396 2423 427 2480 Π
445 2425 476 2480 eb
493 2422 568 2480 VHI
589 2441 652 2482 esse
669 2421 815 2482 videnlur.
856 2419 892 2480 In
910 2423 1032 2500 Europa
1050 2423 1117 2482 reli·

101 2533 182 2591 quae
212 2513 361 2572 versiones
391 2529 485 2570 unum
515 2510 686 2588 episcopum
718 2510 857 2570 exhibent
884 2511 1117 2586 Heraclansem

102 2605 135 2663 Π
154 2607 185 2662 el
202 2601 250 2660 HI
268 2601 382 2663 addunt
396 2599 532 2660 Marcum
545 2597 737 2660 (lomeonsem
754 2599 806 2676 qui
825 2617 862 2660 ex
873 2600 974 2662 Marco
991 2598 1117 2660 Calabro

102 2692 251 2769 repetitus
275 2709 337 2750 esse
359 2689 485 2749 videbar.
530 2688 663 2748 Budium
686 2687 861 2750 Stobensem
883 2689 966 2765 prior
987 2689 1117 2750 recensio

103 2779 277 2840 Dardaniae
297 2777 442 2856 assignem
463 2779 542 2836 reeca
560 2780 596 2836 ub
613 2777 675 2838 iam
692 2776 821 2838 vidimus
839 2769 882 2860 (p.
892 2771 1006 2861 XLIV)
1023 2779 1118 2840 albara

104 2872 186 2932 inber
207 2867 400 2928 Macedoniae
423 2867 576 2943 praesules
597 2885 664 2926 eum
686 2865 806 2942 recepit.

195 2958 335 3016 Aliarum
360 2955 492 3016 Achaiae
521 2954 692 3031 episcopum
722 2974 791 3018 cum
816 2953 832 3013 I
859 2956 890 3016 Π
916 2956 959 3015 XI
986 2955 1120 3016 Marcum

103 3046 281 3124 scripsimus
304 3037 451 3127 (Musam
472 3043 584 3103 hebeni
605 3043 633 3101 V
651 3043 727 3102 VIII
748 3035 805 3126 IX)
830 3047 860 3104 ab
881 3045 985 3106 urbem
1007 3045 1120 3106 Boeam

104 3130 137 3219 (I
164 3137 196 3194 Π
223 3127 294 3215 xl),
331 3133 411 3210 quod
440 3151 548 3193 nomen
575 3131 704 3193 Graecus
734 3132 767 3192 in
795 3133 953 3195 Boeotiam
984 3134 1118 3195 correrii,

104 3225 200 3302 Syrus
224 3227 304 3286 reeca
325 3223 402 3282 vidis
423 3222 577 3282 Iluboeam
599 3241 669 3282 esse.

196 3311 367 3372 Thessaliae
390 3310 562 3387 episcopum
582 3311 760 3388 praecipuae
777 3311 927 3372 versiones
948 3305 1027 3394 (III
1045 3311 1120 3370 VIII

103 3400 328 3481 praeteream
351 3403 382 3460 eb
407 3393 466 3481 XI)
493 3400 664 3459 Thessaliae
692 3401 860 3477 praesulem
887 3401 1054 3476 nominant,
1083 3401 1119 3459 cf.

105 3493 243 3552 Domnus
256 3489 437 3549 Pannoniae.
475 3485 604 3550 Graecus
618 3509 686 3549 eum
699 3488 835 3549 Larissae
855 3487 1025 3564 episcopum
1039 3488 1119 3562 fauit,

107 3582 237 3641 fumasse
264 3581 352 3637 recte.
397 3577 509 3636 Verum
536 3595 604 3637 eum
627 3578 714 3638 huius
737 3577 807 3636 libri
830 3577 991 3637 aucbcribas
1014 3577 1120 3652 exigua
