2596 3932
332 193 407 250 CAP.
420 196 466 250 VI.
499 195 547 249 DE
568 195 749 252 VERSIONE
770 197 949 253 ARMENIA.
1045 199 1147 254 XXXV

126 366 192 425 Iam
226 364 322 424 orItur
353 363 488 439 quaestio
520 367 621 423 utrum
653 384 688 424 ex
720 369 861 426 contextu
891 365 1004 427 Graeco
1037 386 1076 426 an
1108 389 1144 428 er

126 453 262 516 versione
287 452 375 531 Syria
401 455 521 529 patrum
543 453 743 514 Nicaenorum
770 455 931 516 laterculus
954 455 986 514 in
1008 455 1144 534 linguam

125 543 302 603 Armeniam
328 543 493 600 translatus
516 541 563 602 sit.
608 543 651 601 At
673 543 838 605 videbimus
861 544 1014 604 nominum
1038 546 1144 606 seriem

125 631 301 694 Armeniam
329 631 367 690 ad
396 630 509 706 priores
538 631 611 691 duas
639 631 815 692 Latinorum
841 633 985 694 librorum
1012 634 1143 694 familias

125 721 260 799 proxime
280 720 427 780 accedere.
462 719 568 796 Itaque
588 720 737 804 quispiam
756 721 884 782 coniciet
902 722 945 782 eis
961 724 1143 800 temporibus

126 831 185 888 quo
208 809 346 868 Armenii
374 807 543 868 Cilicienses
569 810 705 886 Francis,
736 809 854 887 Syriam
881 811 1143 889 Palaestinamque

125 898 343 973 obtinentibus,
367 897 523 958 concordia
546 899 779 960 coniunctissimi
801 903 900 976 erant,
924 920 959 960 ex
979 900 1089 960 Latina
1111 902 1144 960 in

123 987 300 1048 Armeniam
323 987 457 1064 linguam
478 987 607 1046 indicem
629 1007 692 1048 esse
710 989 900 1052 translatum.
938 988 996 1048 Sed
1014 989 1142 1052 vidimus

125 1078 258 1139 codicem
280 1099 298 1156 γ
328 1075 424 1154 Sergii
450 1076 638 1152 patriarchae
666 1078 849 1154 temporibus
876 1079 1043 1138 confectum
1070 1098 1142 1138 esse.

124 1168 236 1226 Aetate
263 1165 358 1242 igitur
385 1184 484 1225 sacras
510 1165 711 1242 expeditiones
734 1167 837 1232 multis
861 1167 946 1227 annis
969 1169 1142 1244 praecurrit.

123 1257 194 1332 Ipse
213 1257 314 1314 autem
333 1253 423 1314 codex
442 1255 621 1332 archetypus
639 1257 735 1316 multo
756 1257 908 1333 antiquior
927 1276 1018 1332 quam
1036 1257 1143 1337 libery

124 1349 180 1405 est.
232 1343 426 1414 Quamobrem
462 1342 494 1402 id
530 1348 650 1404 tantum
679 1343 712 1404 in
744 1345 867 1404 dubium
902 1346 1003 1410 vocari
1034 1349 1143 1423 potest,

124 1437 228 1493 utrum
261 1453 296 1492 ex
329 1431 440 1493 Graeco
474 1452 513 1491 an
545 1454 580 1492 ex
613 1433 700 1510 Syrio
731 1435 864 1511 exemplo
897 1435 1058 1494 laterculus
1086 1436 1142 1494 Ar-

123 1522 241 1582 menius
270 1521 414 1600 originem
443 1521 567 1582 duxerit.
612 1523 713 1599 Atque
741 1523 815 1582 haec
841 1542 888 1586 res
915 1523 989 1584 satis
1012 1524 1142 1584 difficilis

125 1611 293 1670 diiudicatu
317 1613 370 1670 est.
997 1641 1001 1647 ·

214 1701 248 1758 P.
261 1699 409 1759 Paulinus
427 1699 539 1759 Martin
559 1720 593 1762 ex
617 1699 705 1776 Syria
723 1701 857 1761 versione
876 1703 1059 1761 translatum
1078 1721 1140 1761 esse
1176 1695 1185 1707 ’
1209 1690 1213 1697 ’

123 1790 254 1849 indicem
281 1789 456 1848 Armenium
488 1793 600 1852 censet.
634 1788 723 1874 Cuius
754 1790 920 1849 sententiae
949 1791 1141 1866 astipulabar,

124 1899 195 1940 cum
221 1878 296 1936 mibi
324 1877 483 1938 doteriores
506 1881 627 1938 tantum
649 1877 719 1936 libri
741 1881 861 1955 praesto
885 1881 991 1940 essent.
1036 1879 1141 1955 Neque

125 1968 165 2027 ad
192 1968 270 2028 banc
297 1966 475 2026 sententiam
502 1966 687 2042 probandam
714 1971 890 2046 argumenta
916 1969 1031 2028 desunt.
1076 1969 1141 2027 Iam

125 2077 192 2118 cum
211 2055 346 2119 Armenii
369 2075 435 2114 cum
455 2055 538 2133 Syris
556 2056 773 2132 monophysitis
792 2055 917 2115 eandem
934 2056 1142 2133 praedicarent

123 2147 223 2221 fidem,
246 2144 439 2204 Nestorianos
462 2165 532 2206 vero
556 2165 669 2206 summo
689 2145 757 2205 o'dio
775 2145 927 2222 haberent,
949 2145 1141 2206 manifestum

124 2236 174 2310 fit,
202 2255 237 2294 ex
264 2235 397 2310 exemplo
422 2233 564 2311 Syrorum
592 2235 820 2296 occidentalium
843 2254 892 2296 eos
915 2235 1052 2312 pendere.
1097 2237 1140 2294 At

123 2323 257 2384 recensio
276 2323 514 2400 monophysitica
529 2319 629 2401 (index
643 2323 776 2384 coenobii
789 2321 962 2403 Nitriensis)
978 2326 1043 2384 toto
1058 2326 1140 2384 caelo

125 2433 144 2474 a
166 2413 303 2474 versione
321 2411 463 2472 Armenia
487 2411 593 2474 differt.
640 2411 780 2492 Cogimur
801 2413 895 2491 igitur
916 2416 951 2472 ut
974 2415 1140 2472 statuamus

123 2502 248 2562 tertiam
261 2501 412 2578 quandam
425 2501 590 2562 versionem
605 2501 723 2579 Syriam
741 2521 819 2562 nunc
833 2501 1018 2580 deperditam
1034 2502 1140 2560 funda-

123 2593 260 2651 mentum
278 2590 415 2651 lectionis
428 2590 566 2650 laterculi
578 2590 714 2650 Armenii
726 2591 827 2654 fuisse.
863 2591 929 2650 Iam
943 2591 1060 2668 singula
1074 2611 1139 2668 per·

125 2699 306 2744 censeamus.
345 2679 506 2756 Oynopolis
523 2675 658 2759 (Κυνῶν)
677 2680 748 2740 urbs
766 2680 803 2740 ab
821 2679 984 2758 interprete
997 2679 1139 2741 Armenio

124 2770 244 2828 Kenose
271 2770 451 2846 appellatum
484 2769 564 2846 quod
592 2769 637 2828 ita
667 2769 809 2846 explicari
835 2772 948 2846 potest:
979 2769 1139 2830 Armenius

123 2859 272 2935 interpres
292 2851 399 2919 K'nvvn
421 2859 522 2935 legens
545 2858 653 2934 prioris
675 2858 788 2919 vocalis
807 2857 931 2936 ignarus
949 2859 993 2918 ita
1013 2860 1138 2936 scripsit.

126 2947 185 3007 Sed
216 2966 264 3006 res
294 2947 409 3006 incerta
437 2950 490 3008 est.
537 2946 666 3006 Graecus
698 2947 775 3006 enim
803 2948 927 3024 praebet
959 2940 1136 3008 ’.[ΗΝωΝ
1245 3016 1247 3023 Ι

125 3057 161 3096 ex
191 3029 364 3096 ΚΗΝωΝ
396 3038 575 3112 corruptum.
622 3035 677 3096 Oui
705 3037 833 3096 nominis
860 3038 973 3097 formae
1000 3037 1138 3114 religiose

124 3125 285 3204 respondet
298 3125 422 3186 Kenos'e'.
451 3125 616 3202 Episcopus
630 3125 763 3186 Zabulon
777 3127 820 3184 XI
831 3128 872 3186 30
888 3125 965 3203 syrie
977 3126 1138 3202 Hljdwrvvs

126 3219 179 3290 est,
200 3217 231 3274 et
243 3214 402 3276 Helidoros
420 3215 531 3274 habent
548 3215 618 3273 libri
631 3215 724 3289 lrmn,
746 3215 875 3291 optimus
895 3219 994 3275 autem
1014 3215 1138 3275 codexh

125 3303 311 3365 Heliodoros.
349 3303 491 3380 Syrorum
515 3323 550 3362 ex
567 3323 624 3364 usu
643 3300 691 3382 (cf.
706 3305 781 3362 VIII
796 3306 836 3362 32
852 3305 963 3379 anry's
989 3305 1028 3362 74
1045 3302 1137 3379 Gndjs

127 3395 166 3453 96
189 3385 299 3468 'rvvtry's
329 3397 368 3454 99
395 3391 560 3470 Gwrgwnjs
586 3389 653 3472 etc.)
683 3393 824 3469 explicari
850 3395 950 3468 potest
978 3393 1059 3467 quod
1085 3413 1136 3452 no-

126 3483 206 3541 mina
230 3483 373 3541 nonnulla
396 3501 499 3560 graece
522 3482 554 3539 in
578 3504 622 3554 ιος
646 3483 783 3541 exeuntia
808 3481 936 3540 armenie
959 3480 991 3537 in
1011 3481 1037 3540 is
1062 3481 1135 3539 desi-

126 3575 214 3646 nunt,
237 3571 319 3630 velut
341 3571 384 3630 XI
399 3575 439 3632 29
463 3572 655 3648 Yanuayislr
680 3575 722 3631 90
741 3571 889 3629 Eusitbris
911 3569 947 3626 hi
972 3571 1033 3628 111
1058 3570 1135 3628 Pan·

887 3668 921 3720 Ο*
