2538 3926
181 217 223 282 70
311 215 462 270 PATRUM
480 215 722 270 NIOAENORUM
740 213 887 269 NOMINA
906 212 1061 268 GRAECE.

466 395 630 461 XXXVI.
654 395 881 482 Δαρδανίας

436 493 508 552 203.
532 491 631 562 Δόκος

514 624 677 691 XXXVII.
697 625 850 711 Ἀχαίας

436 733 508 790 204.
533 727 643 799 Πιστὸς
663 723 802 806 Ἀθηνῶν

437 821 510 879 205.
533 818 647 898 Βόρσος
669 817 803 890 Βυωτίας

400 957 402 961 ,
437 911 509 968 206.
534 906 715 988 Στρατήγιος
733 899 884 984 Ὗζοεστίας

470 1043 653 1110 XXXVIII.
679 1040 898 1119 Θεσσαλίας

437 1150 509 1207 207.
532 1146 720 1219 Κλαυδίανὸς
743 1146 897 1226 Λαρίσσης

484 1282 631 1348 XXXIX.
655 1284 883 1369 Δαρδανίας

436 1389 509 1447 208.
533 1386 661 1458 Βοόδιος
683 1385 807 1465 Στοβῶν

521 1523 587 1587 XL.
612 1526 847 1600 Παννονίας

436 1620 508 1678 209.
532 1616 651 1695 Δόμνος

563 1753 646 1818 XLI.
671 1757 849 1818 Γαίλιῶν

436 1859 508 1918 210.
533 1858 679 1929 Νικόσιος
702 1859 814 1929 Λουῒας

448 1978 450 1982 ⁵
535 1993 634 2058 XLII.
660 1991 833 2071 Γοτθίας

437 2091 509 2147 211.
536 2087 680 2164 Θεόφιλος

508 2221 624 2287 XLIII.
648 2227 859 2310 Βοσπόρου

437 2319 509 2376 212.
532 2317 646 2402 Κόδρος

605 2447 764 2457 ----ι

270 2531 425 2591 Τοσοότων
449 2527 502 2609 μὲν
524 2529 559 2590 τδι
582 2527 710 2609 ὀνόματα
733 2528 830 2610 εὑρεῖν
851 2527 1061 2609 ἠδυνήθημεν,
1085 2525 1192 2590 τῶνδὲ

178 2617 275 2679 ἄλλων
288 2617 359 2692 τέως
378 2620 431 2699 οὐχ
449 2619 581 2699 εὕρομεν.
603 2617 654 2680 καὶ
673 2617 689 2680 δ
707 2618 811 2699 χρόνος
829 2615 861 2678 δὲ
879 2628 931 2698 τῆς
948 2618 1090 2698 συνόδου,
1109 2617 1149 2698 ᾡς
1162 2616 1192 2678 ἐν

179 2708 450 2788 τταρασημειώσεσιν
472 2708 606 2789 εόρομεν,
629 2707 769 2780 ὑπατείας
788 2707 943 2768 Παυλίνον
963 2706 1013 2768 καὶ
1030 2702 1193 2768 Ἰουλιανόν

181 2807 215 2882 τῇ
240 2796 334 2856 εἰκάδι
356 2807 408 2858 τοῦ
426 2800 531 2858 Μαΐου
554 2796 656 2876 μηνός.
679 2807 764 2858 τοῦτο
788 2793 820 2856 δὲ
843 2788 887 2874 ἦν’
903 2795 966 2868 ἔτος
988 2795 1193 2869 ἑξακοσιοστὸν

153 2885 350 2966 οτριακοστὸν
382 2884 466 2946 ἕκτον
502 2883 559 2948 ἀπὸ
589 2881 781 2967 Ἀλεξάνδρου
817 2893 870 2946 τοῦ
905 2884 978 2944 κατὰ
1011 2885 1193 2955 Μακεδόνας

180 2973 333 3054 βασιλέως·
357 2973 415 3036 όατὸ
439 2972 471 3035 δὲ
489 2984 541 3054 τῆς
559 2975 787 3036 Κανσταντίνον
806 2974 953 3053 βασιλείας
972 2971 1193 3035 ἐννεακαιδέκα-

178 3085 230 3124 τον
252 3061 316 3136 ἔτος
339 3057 386 3144 ἦν.
409 3063 443 3124 τὰ
466 3061 519 3144 μὲν
543 3055 597 3125 οὖν
620 3073 672 3144 τῆς
695 3063 824 3124 συνόδου
848 3061 928 3135 τέλος
950 3055 1034 3142 εἶχεν.

251 3257 311 3309 205.
332 3251 450 3315 Βοοτίας
462 3253 531 3307 Mor.
603 3251 726 3305 XXXIX.
745 3251 811 3305 inde
827 3255 910 3304 aust
929 3249 1044 3304 nomina
1062 3251 1193 3304 librarius

180 3323 285 3378 codicis
305 3341 322 3378 a
339 3325 382 3378 ita
400 3322 557 3392 coniungit:
577 3319 735 3390 δαρδανίησ
752 3322 880 3392 βοίδιον·
900 3321 1006 3391 στοβῶν
1022 3318 1192 3376 τταννονίασ·

181 3393 287 3462 δόμνοσ
300 3393 426 3464 καλλίων.
498 3393 580 3449 XLII.
600 3394 743 3464 σχοθθίασ
757 3409 781 3446 ο.
793 3409 861 3446 corr.
872 3391 941 3446 Mor.
1015 3398 1040 3445 3.
1059 3393 1195 3452 ὑπατείας

182 3467 269 3518 Πανί.
284 3487 309 3520 ιι,
320 3463 399 3520 Ἰουλ.
415 3491 449 3510 =
464 3470 523 3519 325.
597 3470 621 3518 6.
641 3460 782 3534 βασιλείας
795 3463 864 3517 Mor.

583 3643 795 3652 -.----.--
