2596 3932
377 200 453 256 CAP.
469 200 528 256 Vll.
562 199 610 256 DE
628 201 791 256 RATIONE
809 201 885 258 ETC.
1009 201 1139 259 XXXVII

118 369 456 488 Latineelsimiilimum
480 369 648 430 adhibuisse
669 371 750 430 haud
768 362 965 446 improbabile
983 372 1057 430 mihi
1076 391 1139 432 esse

117 455 277 536 videtum)

211 545 410 607 Orientalium
439 547 612 625 linguarum
638 547 729 607 verba
757 553 837 608 recte
867 549 1063 608 transcribere
1089 567 1138 610 res

120 639 218 698 ardua
250 641 281 696 et
313 639 449 696 contorta
484 639 537 696 est.
586 636 739 696 Incassum
773 639 805 696 in
837 658 925 715 opere
957 638 1138 700 conficiendo

118 727 178 788 riri
211 725 375 786 doctissimi
408 728 438 784 et
470 724 635 786 acutissimi
667 725 857 788 desudarunt.
902 727 1026 787 Accedit
1056 727 1137 803 quod

118 815 255 876 homines
283 815 361 873 male
389 814 484 874 seduli
513 815 639 892 argutiis
662 815 844 893 minutisque
868 815 1052 876 acuminibus
1074 835 1139 874 rem

120 905 321 965 confuderunt
346 906 376 962 et
398 905 430 961 in
453 904 537 980 peius
560 908 725 964 mutarunt.
771 905 836 964 Iam
859 906 911 981 qui
934 904 1138 965 orientalistae

119 996 268 1056 vocantur
287 991 425 1075 Genavae
449 993 622 1072 congregati
644 1013 670 1052 a.
689 1015 718 1070 p.
734 993 800 1054 (ihr.
814 1013 843 1052 n.
860 995 944 1056 1895
968 994 1000 1053 id
1023 993 1138 1053 efficere

121 1084 315 1156 studuerunt,
338 1084 374 1141 ut
397 1081 432 1140 dc
455 1082 746 1142 transcribendarum
768 1083 922 1144 nominum
944 1083 1140 1142 barbarorum

118 1172 266 1232 unanima
294 1174 324 1229 et
349 1171 486 1231 concordi
508 1172 624 1232 ratione
647 1171 726 1232 inter
749 1191 849 1232 omnes
872 1172 1051 1233 conveniret
1096 1172 1139 1230 At

119 1260 280 1322 concordia
308 1262 338 1318 et
364 1260 465 1319 umtus
492 1260 546 1318 illa
575 1261 678 1320 eadem
702 1277 764 1320 essa
787 1261 906 1322 videtur
928 1277 1004 1338 quae
1027 1258 1139 1320 LXXII

119 1351 279 1410 naitonum
310 1351 380 1425 post
407 1368 539 1408 eversam
565 1350 674 1409 taurim
700 1349 900 1426 Babyloniam
927 1351 993 1410 sutt.
1039 1350 1138 1410 Missis

119 1440 215 1518 igibus
241 1438 288 1498 his
315 1438 573 1514 disquisitionibus
600 1439 632 1499 id
654 1442 775 1498 tantum
796 1457 916 1515 moneo,
943 1440 975 1498 in
997 1439 1140 1499 transcri-

119 1527 225 1588 bendis
257 1527 427 1588 nominibus
460 1528 583 1604 copticis
614 1531 644 1587 et
670 1527 820 1588 Armeniis
850 1545 905 1590 nos
931 1529 1079 1588 E.Kul1n
1107 1531 1137 1587 et

121 1617 152 1678 G.
178 1616 308 1676 Schnorr
337 1617 373 1674 de
402 1615 578 1692 Oarolsfeld‚
610 1617 643 1675 in
673 1618 905 1678 transcribendis
934 1617 1078 1694 Syrorum
1107 1620 1138 1676 et

119 1707 259 1766 Arabum
294 1705 462 1765 nominibus
499 1706 535 1764 A.
566 1704 654 1766 Sucia
690 1707 875 1783 praescripta
912 1710 1029 1767 secutos
1066 1723 1136 1765 esse.

120 1793 195 1874 (aa.
220 1794 356 1854 tabulam
378 1795 410 1854 in
432 1795 491 1852 fine
514 1794 710 1870 praefationis
733 1792 884 1874 postiam.)

526 2003 739 2014 .--...-...........

546 2170 628 2257 (lap.
648 2167 719 2237 VH.

132 2323 333 2390 iteratione
357 2340 438 2409 quac
461 2321 550 2390 inter
574 2323 722 2410 sIngulas
745 2324 913 2391 versiones
936 2324 1122 2392 intercedit.

212 2486 245 2547 Ο.
258 2486 360 2564 Ountz,
380 2488 416 2547 de
434 2487 579 2547 versionis
593 2487 719 2548 Latinae
734 2489 818 2548 libris
837 2489 955 2566 scriptis
970 2487 1137 2568 disputans,

120 2581 269 2656 quattuor
291 2575 426 2638 codicum
449 2576 580 2636 familias
603 2577 747 2654 distinxit,
772 2597 849 2655 quae
873 2578 989 2638 diverso
1013 2580 1137 2639 necessi-

119 2665 236 2728 tudinIs
262 2665 381 2726 vinculo
410 2667 489 2726 inter
511 2684 542 2725 se
566 2667 798 2746 coniungimtur.
843 2665 945 2726 Prima
968 2665 1048 2728 enim
1071 2689 1139 2729 cum

118 2755 251 2818 secunda
265 2753 381 2814 familia
393 2755 602 2834 cognationem
610 2755 709 2833 habet,
723 2757 897 2833 parlierque
910 2757 1002 2817 tertia
1012 2761 1139 2835 quartae

118 2846 292 2923 propinqua
315 2848 369 2920 est,
392 2845 436 2903 Ita
459 2848 495 2904 ut
515 2843 734 2920 quodammodo
754 2843 813 2905 duo
832 2847 1010 2906 Latinarum
1027 2850 1138 2910 versio·

194 3015 221 3080 1)
243 3013 361 3068 AccedIt
388 3014 464 3083 quod
491 3014 629 3084 interpres
652 3015 800 3070 Armenius
829 3015 878 3086 qui
900 3015 1048 3073 MIchaelis
1075 3019 1139 3090 Syri

119 3083 273 3140 chronicon
290 3083 321 3138 in
340 3083 466 3156 linguam
484 3083 664 3141 vernaculam
683 3087 781 3157 vertit,
803 3085 876 3142 talia
893 3087 966 3144 vitia
985 3091 1139 3146 committit

119 3155 219 3225 qualia
240 3173 393 3224 numquam
416 3159 514 3212 extant
536 3157 566 3210 in
587 3155 680 3212 indice
699 3157 833 3214 Nicaeae.
872 3159 913 3215 cf.
931 3157 1069 3232 Ephemia
1087 3181 1138 3234 pru

119 3226 254 3296 Apamia,
273 3226 380 3281 honos
398 3245 449 3298 pro
469 3227 590 3296 Cranno,
610 3227 703 3283 Brisos
722 3247 773 3301 pro
793 3231 905 3301 Perses,
924 3232 1068 3306 Palompis
1088 3253 1139 3308 pro

119 3297 237 3368 Pelope,
257 3297 392 3353 Amkalos
410 3316 461 3370 pro
480 3299 616 3369 Megacle,
635 3299 752 3356 Basmos
770 3319 822 3373 pro
841 3303 981 3375 Psammo,
1000 3305 1031 3360 id
1049 3324 1139 3379 genus

120 3369 186 3424 alia.
221 3367 298 3434 Quae
317 3370 457 3440 stupenda
475 3370 546 3424 vItia
565 3372 758 3428 demonstrant
776 3375 916 3443 quomodo
930 3375 975 3433 vir
988 3378 1140 3436 Armenius

120 3439 230 3509 syriaco
258 3443 390 3496 contextu
413 3444 496 3496 utens
519 3441 634 3496 nomina
656 3443 818 3500 reddiderit.
858 3445 970 3504 Similia
993 3451 1139 3508 nominum

119 3513 247 3566 monstra
274 3528 291 3565 a
317 3512 446 3568 versione
474 3513 609 3568 Armenia
636 3517 748 3586 patrum
776 3517 965 3575 Nicacnorum
993 3523 1139 3580 nominum

119 3599 235 3654 prorsus
254 3581 347 3637 aliena
366 3586 438 3639 sunt.
