2596 3932
170 133 248 188 XXX
411 132 487 190 CAP.
501 135 535 190 V.
558 129 614 188 ‘DE
633 135 756 192 ulmea
775 135 941 192 nuasslco

170 303 244 363 tatis
276 302 354 361 alius
386 302 506 378 irrepsit
537 323 658 380 nomen,
690 323 750 380 quo
780 305 888 379 accidit
917 307 953 363 ut
981 302 1125 380 Cybiston
1153 308 1196 365 et·

171 391 309 451 Oolonias
330 393 392 450 213
417 393 504 468 quasi
522 392 656 454 snorum
678 393 799 452 nomina
817 393 877 452 sint
896 393 1007 469 scripta
1025 396 1056 452 et
1073 393 1196 470 positaj

171 480 289 540 Similes
309 481 443 557 suspicor
461 501 573 542 errores
592 483 687 541 latere
706 483 798 541 etiam
815 482 847 540 in
866 482 932 542 aliis
951 482 1082 558 vocibus,
1106 502 1183 559 quas

168 571 267 648 legere
289 570 422 629 nondum
443 571 538 647 potui.
585 570 643 630 Sed
663 575 742 655 *quot
763 571 852 629 huius
876 571 991 648 generis
1015 589 1127 631 errores
1153 571 1193 631 et'

169 661 222 736 qui
245 660 426 736 irrepserint,
448 660 505 718 hac
527 659 593 735 ipsa
616 660 652 719 de
676 679 767 719 causa
790 659 885 718 dicere
908 679 1032 736 nequeo.
1072 660 1193 736 Itaque¹

169 767 218 810 eos
250 749 361 808 retinui
393 767 544 824 numeros,
576 768 651 825 quos
684 749 747 808 sine
780 747 870 808 dubio
901 749 1052 809 numerari
1083 742 1194 810 voluit¹

168 839 306 916 scriptor,
330 838 386 911 etsi
408 839 507 897 nullos
531 837 648 898 adiecit.
1187 867 1193 887 ν

1291 2051 1292 2080 l

256 927 336 988 Nam
358 927 390 986 in
407 927 463 986 hoc
482 945 602 1002 quoque
620 927 717 986 indico
736 926 848 986 edendo
866 926 897 985 id
914 926 1105 1003 potissimum
1123 928 1183 1005 egi,

167 1021 203 1078 ut
222 1017 399 1094 corrigerem
416 1015 581 1091 librarium,
600 1035 660 1075 non
678 1016 859 1092 scriptorem.
897 1013 1035 1075 Getarum
1051 1019 1088 1075 ut
1101 1036 1181 1093 quae

168 1125 256 1165 ame
279 1110 377 1165 essent
401 1104 566 1180 emendata,
589 1124 665 1181 quae
689 1105 810 1180 tradita,
828 1104 951 1164 'facilius
973 1103 1182 1182 dignoscerent

167 1196 313 1272 legentes,
340 1195 419 1253 hunc
446 1196 564 1253 secutus
591 1212 657 1252 sum
679 1194 814 1253 modum:
840 1193 941 1272 Primo
964 1193 1029 1252 loco
1051 1193 1180 1254 indicem

166 1283 328 1342 Arabicum
353 1301 423 1342 cum
455 1282 591 1342 omnibus
624 1301 698 1360 quas
724 1283 816 1342 habet
846 1281 1015 1343 vocalibus)
1027 1285 1058 1342 et
1085 1284 1179 1361 signis

167 1371 341 1448 diacriticis,
369 1371 422 1430 sed
449 1372 540 1431 etiam
568 1391 636 1430 cum
663 1372 799 1431 omnibus
827 1371 940 1431 mendis
965 1371 1046 1447 typis
1071 1371 1180 1432 descri-

166 1461 296 1519 bendum
319 1460 428 1519 curavi.
471 1459 614 1529 Quotiens
637 1461 744 1520 recessi
767 1459 923 1520 aSeldeni
944 1460 1082 1536 editione,
1104 1462 1178 1519 mihi

166 1549 289 1609 videbar
311 1549 480 1608 accuratius
502 1549 609 1626 legisse
631 1550 768 1609 codicem.
805 1549 920 1608 Deinde
938 1549 1060 1608 nomina
1078 1551 1179 1609 omnia

166 1639 210 1698 ita
232 1637 419 1714 transcripsi,
446 1641 482 1696 ut
505 1639 610 1698 ceteris
638 1639 730 1716 signis
754 1642 785 1698 et
806 1639 959 1699 vocalibus
982 1657 1103 1714 prorsus
1127 1659 1178 1698 ne-

166 1728 271 1806 glectis
290 1730 403 1804 puncta
422 1727 576 1786 diacritica
595 1729 659 1788 sola
680 1729 742 1788 fere
762 1731 917 1804 mutarem,
940 1726 992 1786 ubi
1010 1745 1056 1786 res
1075 1732 1177 1804 postu-

165 1818 256 1880 labat.
302 1815 436 1876 Litterae
463 1836 534 1876 vero
562 1817 604 1876 sic
632 1820 768 1877 mutatae
795 1817 957 1876 inclinatae
984 1820 1063 1876 sunt.
1108 1817 1186 1876 Non?

165 1909 297 1966 mutatas
330 1925 393 1965 esse
425 1905 555 1966 iudicavi
583 1925 645 1982 eas,
678 1926 766 1982 quas,
799 1925 867 1965 curn
895 1905 1030 1964 omnibus
1057 1907 1186 1982 punctis?

165 1995 325 2054 diacriticis
354 1996 500 2070 carerent,
528 1995 615 2070 quasi
637 2013 703 2053 meo
726 1995 791 2053 iure
814 1993 927 2069 sumpsi
951 1994 993 2053 eis
1015 1994 1186 2055 instructas*

165 2103 243 2160 quac
279 2087 361 2142 recta
394 2083 538 2142 existimo.
588 2083 696 2158 Itaque
727 2101 805 2158 quae
841 2081 874 2140 in
911 2082 1006 2141 altera
1038 2084 1179 2144 columna

164 2175 284 2231 mutata
307 2174 390 2245 sunt,
413 2172 463 2230 vix
486 2171 673 2230 coniecturae
697 2174 768 2230 sunt
790 2170 996 2246 appellandae.
1040 2172 1176 2250 Denique

165 2261 266 2321 addidi
280 2261 446 2321 versionem
460 2261 595 2336 latinam,
609 2279 669 2337 qua
683 2260 722 2319 ad
736 2260 931 2336 archetypum
945 2279 1035 2336 quam
1048 2261 1188 2321 manime¹

166 2350 302 2410 accedere
322 2353 445 2409 conatus
464 2369 538 2408 sum.
563 2347 646 2419 Quae
659 2349 702 2408 ibi
716 2343 878 2409 inclinatae
892 2350 1034 2426 leguntur
1046 2351 1175 2427 litterae,

164 2459 183 2500 a
209 2460 256 2499 me
288 2439 404 2515 positae
436 2442 508 2498 sunt
540 2458 594 2514 pro
622 2438 767 2498 similibus
794 2439 827 2497 in
855 2439 954 2498 codice
981 2441 1012 2498 et
1038 2439 1070 2497 in
1094 2441 1184 2498 tran-r

164 2529 324 2605 scriptione
343 2529 476 2589 servatis.
515 2527 617 2587 Solum
634 2547 688 2604 pro
707 2541 766 2603 00,
789 2523 848 2603 οὶ,
871 2521 917 2603 h,
940 2523 988 2603 h,
1012 2547 1090 2604 quae
1108 2548 1178 2604 pro·

163 2619 275 2677 misene
298 2618 414 2693 positae
436 2620 506 2676 sunt
528 2636 582 2693 pro
602 2617 714 2692 dett,
738 2635 853 2691 semper
872 2635 938 2675 meo
957 2617 1080 2677 arbitrio
1100 2636 1175 2694 eam,

164 2726 241 2782 quae
264 2707 296 2764 in
319 2709 491 2766 contextum
508 2707 646 2782 quadrat,
669 2706 822 2782 supposui,
845 2724 941 2782 neque
959 2705 1128 2766 litterarum
1145 2733 1177 2786 ρ)

164 2800 194 2854 et
216 2822 258 2876 Qu
274 2795 411 2854 finalium
430 2815 447 2854 a
465 2815 512 2854 me
535 2795 647 2872 passim
670 2795 749 2854 inter
771 2813 802 2854 se
820 2797 1058 2870 permutatarum
1076 2796 1175 2854 ullum

164 2885 282 2962 signum
300 2884 499 2943 necessarium
518 2903 580 2944 esse
599 2884 678 2943 duxi.
715 2883 771 2943 His
788 2884 916 2960 exceptis
931 2884 1022 2943 tertia
1036 2884 1177 2943 columna

163 2977 301 3034 accurate
320 2974 479 3049 respondet
497 2973 593 3050 alteri,
611 2973 670 3033 nisi
688 2973 768 3049 quod
786 2991 901 3048 sempor
915 2973 1072 3033 civitatum
1086 2992 1175 3050 gene-

162 3065 241 3124 tivos
259 3063 356 3140 posui,
375 3063 466 3121 etiam
483 3063 535 3120 ubi
550 3062 648 3122 Arabs
668 3062 847 3123 adiectivum
865 3061 996 3138 praebet.
1029 3061 1175 3132 Quotiens

162 3153 281 3230 longius
306 3171 324 3211 a
347 3151 445 3211 codice
472 3152 580 3212 recessi
607 3153 688 3228 typis
715 3151 810 3211 solitis
834 3169 906 3210 usus
929 3151 1186 3229 interrogationis?
1291 3159 1292 3186 l

163 3243 282 3318 signum
305 3241 419 3317 addidi3
445 3260 523 3317 quae
546 3242 667 3300 nemina
689 3259 749 3299 non
771 3241 926 3318 intellego,
950 3242 1050 3299 tamen
1073 3241 1115 3300 sic
1137 3245 1176 3299 ut

162 3331 287 3406 legenda
318 3348 380 3388 esse
407 3330 546 3390 videntur
575 3331 606 3388 in
634 3331 799 3389 versionem
825 3329 935 3404 recepi,
969 3347 1071 3387 eorum
1098 3329 1172 3405 loco,

162 3438 238 3495 quae
262 3438 298 3477 ne
321 3419 381 3495 legi
405 3419 525 3494 quidem
548 3423 674 3495 possunt
697 3421 727 3477 et
748 3418 867 3493 punctis
889 3417 1048 3475 diacriticis
1073 3420 1103 3475 et
1120 3436 1183 3476 vom

162 3507 275 3566 calibus
300 3506 511 3585 deficientibus,
535 3509 690 3567 asteriscos
713 3507 808 3581 posui.
845 3505 999 3564 Postremo
1022 3508 1058 3564 ut
1080 3506 1173 3565 etiam
