2596 3932
171 203 230 258 LIV
263 202 343 263 SAP
357 201 390 256 X.
419 201 516 258 ORDO
535 203 687 258 PATRVM
704 202 850 264 NICAEN
863 203 1094 260 RESTITUTUS.

170 399 175 410 .
258 372 304 430 De
317 371 506 430 Palaestinae
520 372 664 448 episcopis
678 391 775 448 pauca
789 373 935 434 monenda
949 376 1026 432 sunt.
1057 373 1186 432 Praeter

169 460 317 523 familiam
339 459 479 522 Latinam
500 461 516 518 Ι
537 463 637 520 vetere
659 461 765 520 mendo
793 465 965 538 corruptam
989 481 1089 521 omnes
1113 462 1185 522 libri

170 550 244 610 duos
269 548 422 610 Sebastiae
450 550 578 610 afferunt
603 549 763 626 episcopos.
809 549 890 620 Quae
914 569 1003 610 causa
1026 551 1066 610 sit
1089 553 1184 610 nesei-

169 657 245 700 mus
288 639 398 700 Variae
421 639 584 716 excogitari
606 642 738 714 possunt.
781 637 909 698 Graecus
932 658 1013 698 more
1037 641 1159 700 solito
1151 661 1184 698 1n

168 727 337 788 nominibus
357 728 540 804 proferendis
559 728 677 803 saepius
696 730 807 803 peccat.
845 726 926 798 Quae
944 729 1021 788 vitia
1039 729 1129 788 facile
1148 749 1184 788 ex

171 817 237 876 aliis
266 817 349 876 libris
380 819 531 878 sanantur.
577 817 716 876 Formam
743 815 851 889 Γαινός
879 817 1023 892 praebent
1051 821 1082 877 et
1108 819 1186 877 liber

169 906 302 968 Venetus
321 908 474 966 contextus
494 904 600 965 Graeci
623 909 653 964 et
675 906 690 964 I
712 906 843 981 locuples
866 907 961 966 testis
1003 905 1062 964 Sed
1080 909 1184 966 tamen

168 995 318 1056 reicienda
336 1013 399 1056 esse
413 995 537 1054 videtur.
574 995 620 1053 De
633 994 761 1071 Asclepa
779 995 898 1054 nomine
916 995 1109 1054 iamdictam
1128 999 1182 1055 est.

167 1077 263 1156 Ἀῐλᾶς
286 1085 412 1142 formam
434 1083 478 1142 IV
500 1086 531 1142 et
553 1083 628 1142 VIII
650 1084 729 1142 inter
751 1102 781 1143 se
806 1083 932 1144 collatae
956 1083 1141 1144 confirmant.

259 1173 419 1231 Phoenices
443 1175 474 1230 et
497 1172 601 1248 Syriae
623 1173 744 1232 nomina
768 1173 983 1248 perlustrantes
1006 1173 1115 1248 prioris
1139 1193 1184 1232 re·

170 1261 315 1322 censionis
344 1260 477 1320 ordinem
503 1260 685 1336 sequendum
712 1279 776 1321 esse
804 1280 963 1324 censemus.
1009 1262 1143 1321 Proximi
1166 1282 1185 1321 a

169 1368 307 1426 supremo
329 1349 491 1410 Phoenices
519 1349 664 1410 antistitis
686 1369 794 1409 nomen
817 1351 934 1410 collatis
957 1351 1036 1409 inter
1060 1370 1092 1410 se
1115 1351 1131 1408 Ι
1153 1351 1185 1410 Π

169 1439 217 1498 -ΙΠ
239 1438 299 1498 VH
320 1438 363 1497 IX
390 1438 545 1512 eonstitui3
573 1438 605 1498 in
632 1439 712 1498 urbis
740 1439 859 1498 nomine
881 1439 897 1497 I
920 1442 950 1500 et
967 1439 1042 1497 VIII
1065 1443 1184 1499 secutus

170 1547 244 1588 sum.
290 1527 359 1586 Duo
386 1527 507 1586 nomina
529 1527 703 1603 Phocaicae,
733 1548 825 1586 unum
848 1527 952 1604 Syriae
978 1528 1063 1586 addit
1086 1530 1183 1589 versio

172 1615 308 1691 Coptica,
336 1616 457 1676 nomina
483 1635 554 1676 vera
582 1616 703 1694 quidem
730 1619 760 1675 et
788 1616 914 1692 sincera,
942 1617 994 1678 sed
1022 1617 1059 1676 ab
1087 1615 1184 1677 indice

170 1705 352 1782 seiungenda
376 1707 453 1764 sunt.

169 1831 173 1838 -
260 1793 378 1872 Syriam
402 1793 510 1854 Coelen
536 1794 721 1870 provinciam
747 1794 779 1853 in
806 1793 880 1854 duas
904 1794 1013 1854 dividit
1038 1795 1183 1872 interpres

169 1883 321 1960 Goptious,
344 1883 582 1960 quattuordecim
604 1884 691 1944 urbes
711 1882 815 1960 Syriae
836 1884 990 1960 superiori,
1014 1903 1122 1944 novem
1140 1885 1183 1943 in·

171 1973 272 2032 feriori
292 1973 472 2032 adiudicans.
510 1971 592 2042 Quae
610 1972 717 2032 divisio
736 1991 754 2031 a
773 1972 869 2032 scriba
892 1973 991 2048 inepte
1015 1974 1184 2050 excogitata

170 2063 291 2121 omnino
314 2061 463 2121 reicienda
486 2064 539 2120 est
584 2061 742 2121 Laodiciae
766 2061 921 2137 episeopus
945 2061 1115 2121 Theodotus
1139 2066 1183 2122 est

171 2145 357 2226 (Theodorus
380 2150 396 2208 1
418 2150 449 2208 H
471 2146 537 2226 IV).
578 2150 810 2225 Raphaneornm
836 2150 961 2210 antistes
988 2151 1020 2208 in
1047 2151 1183 2226 plurimis

174 2237 257 2298 libris
280 2237 443 2298 Bassianus
467 2233 640 2316 (Basienus)
664 2241 800 2315 vocatum
827 2239 859 2297 H
881 2239 923 2297 IX
946 2239 988 2298 XI
1016 2257 1114 2300 errore
1137 2259 1185 2299 ve·

174 2329 258 2389 tusto
275 2321 446 2386 ‘Asihenus’
464 2326 616 2402 praebent.
655 2326 744 2386 Urbis
762 2347 868 2387 verum
885 2328 1065 2390 vocabulum
1080 2321 1187 2405 ‘Papu-

172 2423 252 2476 νεῶν
272 2416 289 2476 Ι
312 2418 342 2475 et
364 2415 439 2476 VIII
464 2415 584 2477 habent.
628 2417 670 2474 Et
692 2417 822 2494 Zeugma
850 2417 1001 2476 formala
1025 2417 1187 2493 archetypo

173 2505 264 2565 fuisse
296 2505 426 2581 uidetur,
460 2524 526 2566 eum
557 2507 676 2581 praeter
704 2504 851 2565 Graecum
879 2524 979 2564 omnes
1006 2505 1114 2581 prioris
1142 2525 1186 2564 re·

170 2594 320 2654 censionis
347 2594 416 2654 libri
444 2597 474 2654 et
502 2594 625 2654 alterius
653 2595 749 2654 versio
774 2593 898 2670 Coptica
926 2613 992 2653 eam
1014 2593 1186 2670 praebeant.

175 2683 285 2744 Zeuma
318 2679 367 2760 (de
398 2683 495 2744 forma
522 2703 549 2743 v.
570 2681 675 2760 Georg.
695 2682 783 2759 prr.
807 2682 851 2742 ed.
870 2683 908 2740 H.
929 2681 1033 2742 Gelzer
1059 2703 1088 2758 p.
1110 2681 1187 2759 149)

174 2771 286 2830 habent
316 2772 363 2828 HI
395 2772 439 2829 IV
469 2772 498 2828 V
531 2767 574 2849 (et
604 2772 674 2830 libri
708 2771 846 2832 nonnulli
877 2771 1061 2834 familiarum
1092 2772 1108 2829 I
1135 2770 1188 2848 Π).

175 2859 315 2920 Dubitari
338 2862 437 2934 potest
459 2863 562 2920 utrum
584 2859 740 2941 Γινδάρων
764 2856 805 2939 (Ι)
829 2879 868 2920 an
891 2859 1040 2939 Γινὸάρου
1064 2855 1124 2937 (ΙΠ
1146 2861 1190 2918 IV

175 2949 203 3006 V
222 2944 293 3027 VH)
317 2967 390 3010 vera
411 2949 451 3010 sit
473 2950 582 3024 forma3
605 2950 735 3026 priorem
757 2952 860 3009 tuetur
882 2949 1022 3026 Stephan.
1037 2949 1108 3026 Byr.
1128 2967 1189 3008 su.

176 3037 317 3119 Γίνὸαρα,
341 3039 467 3100 alteram
491 3037 598 3100 Strabo
621 3039 692 3098 XVI
709 3060 737 3115 p.
755 3037 861 3114 7510,
883 3039 1009 3098 Ptolem.
1028 3039 1123 3114 Vll,
1140 3040 1190 3098 15.

174 3128 279 3188 'Ioann
293 3127 395 3187 Malal.
409 3128 512 3188 XVIII
526 3129 600 3203 452,
616 3131 644 3188 6.
681 3125 806 3208 Σέργιος
818 3127 1013 3208 πρεσβύτερος
1026 3124 1077 3186 ael
1090 3146 1192 3206 περιο-

172 3215 281 3294 ἃευτὴς
305 3225 401 3296 μανῆς
423 3216 572 3297 Γινὸάρου
594 3217 693 3276 Menai
715 3217 791 3275 VIII
807 3219 878 3280 922.
925 3216 1074 3296 Pevddpov
1096 3216 1192 3292 igitur

176 3306 289 3382 scripsi.
331 3304 440 3383 Oppidi
459 3307 507 3366 cui
525 3305 670 3382 Pegasius
687 3306 820 3382 praefuit
836 3325 944 3364 nomen
959 3298 1192 3385 Ἀρβοκαὸάμων

173 3394 267 3454 fuisse
281 3395 313 3454 II
325 3395 373 3454 III
385 3396 429 3454 IV
442 3395 517 3454 VIII
529 3395 573 3454 IX
585 3394 721 3470 probant.
751 3395 898 3453 Ultimam
910 3393 1014 3456 urbem
1028 3392 1192 3472 Γαβούλων

178 3482 318 3542 dubitans
341 3483 453 3559 scripsi.
501 3482 653 3562 Ταβούλας
675 3484 766 3543 habet
790 3481 932 3558 Graecus,
957 3482 1009 3558 qui
1032 3481 1192 3542 vocabulo·

174 3590 242 3634 rum
269 3571 491 3632 terminationes
520 3591 608 3648 saepe
635 3571 673 3632 ad
701 3571 857 3630 arbitrium
880 3573 985 3630 mutat.
1027 3571 1132 3646 Neque
1156 3591 1194 3630 ex
