2596 3932
313 225 363 280 EX
380 225 473 281 ALIIS
491 225 672 282 sommus
690 225 893 282 DESUIIP'IA.
1023 223 1110 282 LXIX

93 391 203 453 Sooret.
223 394 250 469 I,
268 397 365 471 10,1;
389 395 592 454 narrationem
614 395 650 453 de
668 394 776 456 Acesio
793 393 1033 470 Novatienorum
1051 413 1116 456 esse

92 486 296 543 commentum
318 483 380 542 ium
401 483 540 543 Valesius
562 486 642 543 recte
665 483 788 543 censuIt.

176 572 216 631 V.
246 572 300 631 De
324 573 611 650 menologiorum
633 573 849 633 nominibus:
879 575 907 631 1.
929 572 1113 650 Hypatius

93 661 327 738 Gangrensis.
342 654 481 722 ’Ἱππίου
490 669 544 723 τοῦ
552 653 1113 744 θοοματοοργοοέπισκόποοΓαγγρῶν.

93 741 177 822 οὗτος
195 747 334 831 ὑνπῖρχεν
350 743 392 824 εἷς
409 759 469 810 τῶν
482 749 656 832 τριακοσίων
670 747 741 810 δέκα
754 749 804 811 καί
818 745 892 810 ὀκτὼ
906 747 1039 831 πατέρων
1051 757 1112 810 τῶν

92 835 123 898 ἕν
136 839 257 922 Νικαίρι
273 838 489 900 συνελθόντων.
510 839 620 900 Basilii
632 839 740 899 Menol.
750 839 906 900 deVm.
916 839 991 899 ch.
1009 838 1112 916 MIgnc

94 929 260 1004 117,160.
309 927 512 1006 Gangrensem
537 929 710 1006 episcopum
733 927 864 989 Graecus
886 927 1038 988 Medchum
1060 946 1112 988 no·

91 1017 195 1092 minet,
214 1017 294 1077 item
311 1017 400 1076 index
411 1017 559 1078 Arabicus
577 1017 630 1094 qm'
646 1019 802 1094 praeterea
819 1036 927 1077 nomen
941 1017 1114 1094 corruptum

91 1107 225 1181 praebet.
270 1106 405 1182 Uterque
427 1124 535 1166 nomen
558 1125 594 1166 ex
615 1107 784 1184 menologIo
807 1102 940 1167 heusisse
962 1105 1088 1167 videtur.

180 1197 212 1254 2.
232 1195 426 1272 Spyridon.
455 1196 620 1278 Σοπιρίόον
633 1193 801 1269 ἐπίσκοπος.
832 1197 1047 1277 Τριριθονντος
1060 1200 1114 1272 τῆς

92 1282 222 1364 Κύπρου
237 1325 265 1344 .,
279 1275 354 1362 ἦλθε
373 1281 405 1345 δὲ
423 1284 464 1357 εἰς
481 1283 536 1363 τὴν
554 1283 588 1346 ἐν
602 1284 715 1368 Nesciet
729 1284 866 1346 σύνοδον.
901 1283 993 1345 Besil.
1003 1283 1113 1345 Mencl.

96 1371 122 1430 d.
135 1373 197 1431 XII
216 1393 257 1432 m.
271 1373 343 1432 Dec.
357 1374 377 1434 L
392 1393 416 1434 c.
431 1376 504 1434 201.

184 1463 214 1521 3.
233 1463 467 1539 Paphnutius
481 1465 730 1524 commemoretur
744 1462 771 1521 d.
780 1463 836 1522 XV
849 1483 888 1521 m.
898 1462 983 1522 Febr.
1017 1458 1115 1540 (Quae

96 1548 130 1607 de
157 1550 336 1628 Paphnutio
365 1551 437 1611 olim
465 1553 606 1612 extabant
633 1552 665 1612 in
691 1551 800 1612 Basilii
825 1551 1007 1630 menologio,
1035 1569 1115 1611 nunc

97 1636 329 1719 desiderantur.)

187 1731 218 1788 4.
238 1729 430 1790 Achillius.
458 1721 613 1809 Ἀχίλλειος
627 1727 785 1803 ἐπίσκοπος
799 1729 954 1811 Λαρίσσης
1025 1749 1114 1808 πορε-

96 1811 194 1893 γένετο
218 1816 271 1878 καὶ
293 1817 335 1890 εἰς
360 1816 415 1896 τὴν
437 1817 570 1878 Νικαίον
592 1818 730 1880 σύνοδον.
775 1819 867 1878 BssiI.
884 1818 993 1878 Menol.
1012 1817 1040 1876 d.
1057 1817 1114 1876 XV

97 1923 134 1963 m.
151 1905 217 1966 Mei
241 1907 261 1965 1.
278 1925 304 1966 c.
324 1909 398 1968 457.
443 1907 607 1985 Episcopus
634 1927 670 1967 ex
691 1907 838 1968 indicibus
860 1909 947 1967 notos
971 1899 1114 1990 (Hosium

74 2061 75 2064 Ἴ
100 1989 333 2073 Cordubensem,
357 1992 549 2056 Eustuthium
571 1985 804 2080 Antiochorum)
828 1995 1043 2073 praetermitto,

187 2084 353 2144 Addendus
376 2088 421 2146 est
442 2085 488 2145 his
512 2085 700 2162 praesidibus
727 2085 755 2145 5.
773 2081 946 2146 Nicoleus
968 2083 1118 2162 Myrensis

101 2188 188 2244 quem
206 2175 289 2234 vites
308 2174 467 2251 scriptores
485 2175 564 2235 iuter
581 2178 683 2252 putres
700 2175 849 2236 Niccenos
867 2177 1029 2236 recensent.
1072 2171 1116 2234 Of.

102 2255 240 2334 Symeon.
259 2264 405 2340 metaphr.
424 2263 477 2324 vit.
497 2264 526 2323 S.
540 2265 660 2324 Nicolsi
678 2284 722 2342 cp.
739 2266 779 2324 16
805 2257 919 2347 (Migne
941 2265 1013 2339 116,
1024 2259 1116 2340 330:

103 2343 187 2428 μέρος
210 2341 268 2412 οὖν
289 2349 340 2412 καί
364 2349 381 2413 d
398 2351 570 2430 θαυμάσιος
589 2345 675 2426 οὗτος
693 2351 843 2434 ἀρχιερεὺς
860 2361 912 2431 τῆς
931 2352 1009 2432 ἱερᾶς
1028 2349 1115 2412 σονί-

103 2433 156 2497 dou
179 2439 347 2520 γενόμενος.
388 2442 434 2500 Ex
456 2441 520 2502 vite.
542 2442 661 2503 Nicolci
687 2442 799 2502 indices
821 2442 850 2499 V
873 2441 916 2499 VI
938 2441 981 2500 XI
1008 2458 1116 2500 nomen

103 2529 234 2589 mutuati
257 2548 319 2589 esse
342 2528 489 2590 videntur.
1008 2583 1011 2588 .

190 2619 233 2677 Et
254 2618 491 2696 menclogicrum
517 2619 639 2679 nominc
666 2622 836 2680 sanctorum
864 2618 937 2679 uotis
963 2616 1071 2677 debent
1111 2663 1117 2675 .

105 2701 263 2766 Antistites
294 2707 342 2765 ilii
371 2710 492 2784 praeter
521 2708 726 2785 Paphnutium
758 2711 789 2768 et
821 2707 1018 2786 spyridonem
1048 2725 1117 2784 pro·

105 2791 270 2855 vinetorum
286 2795 438 2873 praesides
457 2801 527 2856 sunt
544 2797 685 2875 urbquue
704 2816 775 2858 suso
789 2797 852 2858 divi
867 2795 995 2875 petroni.
1032 2794 1118 2867 Quod

108 2879 183 2942 cives
206 2904 256 2944 eos
280 2885 319 2944 ud
342 2885 510 2963 eugendum
532 2889 702 2947 sanctorum
726 2886 853 2964 glorium
874 2887 906 2946 in
924 2889 1046 2964 petrum
1063 2883 1117 2944 Ni-

108 2986 264 3033 ceenorum
286 2993 443 3034 numerum
465 2975 639 3052 receperint,
662 2994 722 3035 non
745 2979 791 3036 est
814 2995 866 3036 cur
887 2976 1038 3035 miremur.

193 3063 240 3122 Ex
269 3061 317 3122 his
348 3082 425 3140 quoe
457 3063 545 3125 modo
574 3065 762 3140 exposuimus
792 3066 916 3142 plenum
944 3064 979 3124 fit
1007 3078 1119 3140 pouces

108 3148 223 3210 tontum
246 3171 282 3211 ex
301 3154 348 3211 tot
370 3152 523 3212 nominum
546 3153 633 3229 copie
654 3173 708 3230 pro
727 3154 806 3215 ueris
823 3153 960 3232 putribus
978 3149 1119 3211 Niceenis

108 3233 256 3300 habendos
279 3259 350 3300 esse.

194 3329 278 3390 Iusto
300 3329 364 3388 iure
386 3328 478 3390 indici
501 3330 664 3390 adduntur:

364 3421 437 3478 221.
461 3418 653 3496 Ποφνοίπος
675 3419 839 3500 Αίγύπτιος

365 3510 437 3566 222.
460 3507 551 3581 Γάιος
573 3507 697 3582 Πίνοος

365 3597 437 3656 223.
461 3593 582 3658 ἀποπ..
605 3619 724 3679 προο..
