2596 3932
327 186 403 242 CAP.
417 186 465 240 IX
497 185 546 239 DII
564 185 720 240 INDICI'II
738 185 950 242 NOMINIBUS.
1044 187 1144 242 XLVII

121 361 251 436 patrum
276 375 399 414 numero
422 358 567 414 constare.
613 352 672 412 Sed
693 353 763 412 inde
786 373 805 412 a
826 354 871 412 IV
893 375 922 431 p.
942 353 1008 415 Chr.
1027 375 1055 415 n.
1080 375 1143 416 sae·

122 449 192 508 culo
225 447 351 504 exeunte
382 463 522 502 numerus
554 443 607 501 ille
639 442 791 502 sollemnis
822 444 919 502 factus
947 444 1027 504 solus
1053 445 1143 506 velet

121 535 219 596 Moris
251 537 317 594 erat
343 533 492 592 veteribus
520 533 582 590 illis
612 531 781 591 chnsfiams
810 551 947 594 numeros
975 533 1013 592 ad
1041 552 1142 594 sanae

122 625 294 700 scripturae
326 623 461 698 exempla
493 621 723 682 accommodare.
768 620 817 679 Ita
848 621 902 680 sub
934 621 1143 683 Antiochensis

122 712 274 790 praesulis
307 711 423 770 dicione
456 709 551 769 CLIH
583 710 716 786 episcopi
752 728 814 769 esse
849 709 988 770 dicuutur
1021 715 1145 788 propter

121 803 248 862 Ioannis
272 801 402 877 apostoli
424 799 515 860 verba
532 799 603 857 XXI
618 801 668 858 11.
704 799 817 860 Eodem
839 799 927 859 modo
950 803 1070 876 patrum
1089 801 1142 860 Ni·

124 911 288 951 caenorum
310 908 450 948 numerus
474 888 653 948 constitutus
677 891 780 946 estex
804 886 977 948 CCCXVIII
998 889 1144 966 expeditis

122 979 296 1040 vernaculis
309 978 448 1037 Abrahae
468 973 518 1054 (cf.
529 975 633 1036 Geues.
647 977 718 1035 XIV
730 973 784 1054 14)
803 977 978 1054 quibuscum
996 977 1057 1036 inm
1071 979 1141 1037 Am·

122 1069 244 1130 brosius
261 1068 411 1126 Nicaenos
434 1067 587 1143 episcopos
611 1067 795 1143 comparavit
817 1066 836 1126 l.
854 1085 877 1128 c.
901 1067 916 1125 I
938 1067 1047 1143 preld
1073 1059 1142 1126 ‘tre-

123 1159 207 1219 centi
231 1159 332 1216 decem
360 1159 390 1214 et
413 1158 479 1214 octo
505 1155 672 1215 sacerdotes
695 1157 849 1232 tamquam
871 1155 1010 1216 Abrahae
1034 1151 1141 1216 electi’.

216 1246 353 1306 Eundem
370 1265 525 1304 numerum
544 1247 575 1304 et
591 1244 723 1305 indicum
737 1248 872 1304 auctores
885 1245 1020 1320 tradunt3
1039 1265 1142 1307 verum

122 1339 248 1414 patrum
271 1334 440 1410 frequentia
462 1354 588 1410 quorum
610 1334 731 1393 nomina
753 1333 900 1410 indicant,
927 1335 1022 1396 multo
1045 1335 1143 1396 minor

125 1429 180 1485 cst.
221 1423 379 1498 CCXVIII,
399 1422 500 1482 CCXX
518 1424 566 1484 vel
586 1422 718 1483 CCXXII
736 1425 836 1500 patres
855 1427 1008 1484 recensent
1025 1423 1057 1484 in
1077 1443 1142 1484 eam

125 1513 308 1574 sententiam
336 1513 536 1588 disputantes,
565 1515 601 1570 ut
628 1513 741 1588 dicant,
774 1513 1003 1573 occidentalium
1031 1513 1141 1590 episco-

122 1624 236 1680 porum
258 1601 380 1662 nomina
403 1601 514 1676 scripta
536 1620 595 1660 non
619 1620 690 1677 esse,
715 1601 796 1678 apud
814 1619 889 1679 quos
908 1603 993 1662 nulla
1011 1601 1141 1663 haeresis

123 1693 258 1770 suspicio
282 1691 374 1752 fuerit
397 1686 446 1767 (cf.
465 1690 496 1748 11
518 1690 561 1748 IV
583 1690 626 1748 IX
648 1687 712 1768 XI).

524 1917 737 1930 ——--

554 2102 577 2168 C
584 2125 636 2188 ap.
660 2101 714 2169 IX.

419 2245 465 2313 Ile
487 2245 631 2314 indicum
653 2245 848 2314 nominibus.

215 2402 347 2462 Nomina
370 2421 446 2477 quae
470 2403 581 2462 indices
599 2401 684 2462 nobis
705 2403 830 2463 tradunt
849 2423 883 2464 ex
903 2405 1039 2482 genuinis
1059 2409 1139 2467 acto·

122 2513 194 2552 rum
212 2492 415 2551 Nicaenorum
437 2491 705 2568 subscriptionibus
728 2511 788 2552 non
812 2511 874 2553 esse
897 2493 1055 2570 desumpta
1073 2495 1139 2556 luce

124 2581 238 2642 clarius
263 2584 316 2640 est.
356 2580 478 2658 Integra
501 2580 693 2640 conciliorum
712 2582 967 2642 oecumenicorum
986 2585 1054 2644 acta
1071 2583 1140 2645 iude

125 2671 165 2732 ab
183 2670 335 2746 Ephesino
357 2669 508 2730 habemus.
545 2669 675 2730 Nomina
692 2669 709 2730 I
727 2673 757 2730 et
774 2671 805 2730 11
825 2671 1002 2732 unIversalis
1023 2673 1140 2734 concilii

125 2759 292 2820 secundum
318 2758 485 2834 provincias
514 2757 660 2836 disposite
687 2763 765 2820 eunt.
812 2759 923 2821 Contra
947 2759 979 2821 in
1004 2761 1140 2824 omnibus

125 2849 203 2908 actis
227 2867 305 2924 quae
328 2851 459 2906 aetatem
480 2848 617 2908 tulerunt
638 2847 687 2908 hic
710 2847 782 2908 ordo
802 2869 863 2910 non
881 2849 1065 2930 observatur,
1089 2853 1139 2914 aad

125 2938 292 2998 secundnm
322 2937 433 2996 ordinis
463 2937 590 3014 gradum
617 2937 747 3015 episcopi
775 2937 978 3018 subscribunt,
1010 2943 1139 3020 primum

124 3027 326 3104 patriarchae,
348 3026 417 3085 dein
438 3026 657 3103 metropolitae,
679 3029 746 3088 tum
769 3027 907 3106 episcopt.
950 3029 1044 3101 Quem
1064 3029 1139 3090 ordi·

124 3135 197 3176 nem
216 3135 252 3176 ex
268 3119 368 3176 vetere
387 3115 601 3175 consuetudine
621 3134 684 3176 esse
698 3115 890 3178 observatum
903 3137 990 3180 nemo
1004 3119 1140 3200 negotia

124 3223 199 3264 nam
218 3203 391 3280 disciplinae
410 3205 626 3265 ecclesiasticae
644 3205 705 3266 fuit
722 3207 807 3268 novis
825 3207 914 3270 rebus
931 3229 989 3268 non
1007 3207 1140 3270 stantona

127 3289 175 3354 ‘adt
199 3289 304 3372 ἀρχαῖα
326 3291 384 3371 ἔθη
406 3289 564 3373 κρατείτω’.
600 3293 769 3356 Verisimile
792 3295 888 3374 igitur
904 3295 940 3358 fic
962 3301 993 3358 ct
1011 3297 1140 3358 Nicaeae

127 3383 234 3442 eodem
256 3402 316 3458 quo
341 3381 524 3444 Chalcedone
548 3383 650 3443 ordios
672 3389 773 3462 patres
797 3385 1012 3464 subscripsistis,
1055 3387 1138 3460 Currat

125 3472 276 3548 probatur
294 3471 424 3532 Socratis
441 3472 614 3533 testimonio
633 3473 685 3550 qni
705 3493 739 3534 ex
757 3475 916 3534 Athanasii
936 3475 1078 3554 syriorlico
1098 3475 1141 3536 ito.

126 3565 252 3638 patrum
277 3561 399 3620 nomina
424 3567 557 3622 recenset
578 3562 660 3640 113,
676 3565 784 3640 llapz
811 3559 979 3644 calopodio
1006 3561 1037 3628 di
1066 3557 1141 3628 elnac

1071 3830 1220 3892 1—l
