2596 3932
383 173 458 232 CAP.
474 175 507 232 V.
539 175 587 230 DE
606 175 728 232 INDIOE
747 175 913 233 ARABICO.
1052 176 1155 232 XXVII

468 449 491 508 ι·
577 417 661 503 Cap.
680 417 721 486 V.

473 551 520 618 Ile
542 519 651 620 indice
673 552 824 620 Arabico.

128 709 138 718 '
228 699 361 758 Indicam
379 699 532 758 arabicum
541 699 611 770 ‚iam
625 699 718 760 edidit
731 699 857 760 Ioannes
872 701 1015 762 Seldenus
1029 703 1061 760 in
1075 721 1153 761 com-

127 787 286 847 'mentario
306 787 345 847 ad
360 787 502 864 Eutychii
514 787 709 848 Alexandrini
728 790 763 848 de
783 791 923 849 ecclesiae
942 809 1012 849 suae
1031 792 1152 868 origini-

129 878 194 952 bus
216 877 334 950 librum,
357 875 485 936 Londini
502 879 595 953 1642,
618 897 646 953 p.
663 881 824 938 90—114.
860 879 1066 954 Descripserat
1085 900 1153 938 eum

137 965 305 1026 Edwardus
318 965 481 1024 Pocockius
496 958 562 1046 (cfr.
573 967 591 1024 l.
603 986 625 1026 c.
635 987 664 1042 p.
676 960 733 1048 88)
748 987 764 1026 6
778 964 876 1027 codice
887 969 1018 1028 Thomae
1027 968 1090 1027 Roe
1101 971 1152 1043 26,

136 1075 229 1131 quem
252 1075 272 1132 g
295 1055 421 1130 appello.
458 1055 488 1113 Is
511 1059 681 1115 asservatur
699 1053 806 1116 Oxonii
826 1057 859 1114 in
876 1057 1056 1116 bibliotheca
1074 1056 1152 1116 Bod-

135 1145 240 1203 leiana
263 1162 297 1202 eo
316 1144 457 1203 advectus
474 1139 513 1205 ao
533 1145 627 1203 1628.
670 1143 729 1203 cfr.
748 1145 951 1205 Bibliothecae
970 1146 1152 1205 Bodleianae

137 1233 275 1293 codicum
305 1233 576 1310 manuscriptorum
608 1233 798 1292 orientalium
825 1235 955 1312 catalogi
984 1236 1080 1311 partis
1108 1255 1151 1294 se-

137 1321 254 1382 cundae
272 1321 329 1381 vol.
344 1322 367 1379 Ι.
391 1323 467 1381 conf.
481 1323 529 1382 Al.
544 1323 651 1382 Nicoll.
676 1319 784 1382 Oxonii
799 1324 893 1399 1821,
913 1343 942 1399 p.
959 1325 1098 1398 32-46,
1122 1328 1153 1383 et

136 1411 198 1470 vol.
217 1411 248 1468 Π
270 1410 314 1469 ed.
333 1411 367 1469 E.
385 1411 420 1470 B.
439 1411 547 1488 Pusey,
575 1409 683 1471 Oxonii
703 1413 802 1486 1835,
829 1433 858 1488 p.
878 1404 966 1473 498¹&
1013 1412 1153 1472 Continet

136 1499 282 1575 anonymi
313 1499 517 1559 collectionem
549 1519 695 1559 canonum
727 1501 993 1560 ecclesiasticorum
1024 1501 1151 1560 Arabice

136 1607 300 1663 versorum,
318 1587 350 1646 in
369 1608 429 1664 que
447 1589 614 1665 symbolum
631 1589 756 1647 Petrum
769 1590 969 1649 Nicaenorum
987 1595 1153 1666 sequuntur

136 1677 261 1737 nomina
280 1677 352 1738 318.
389 1678 503 1737 Auctor
524 1678 594 1736 libri
617 1677 668 1736 diu
689 1677 818 1736 creditus
837 1682 882 1737 est
900 1679 990 1738 fuisse
1009 1679 1151 1756 Iosephus

136 1766 316 1843 Aegyptius,
342 1766 395 1840 qui
415 1767 448 1825 in
469 1766 655 1843 praefatione
678 1770 782 1824 narrat
804 1786 835 1825 se
858 1769 1064 1843 presbyterum
1087 1787 1150 1826 esse

125 1856 312 1914 ¹'ordinatum
334 1851 372 1916 ὦ
392 1857 486 1916 1398.
525 1855 583 1914 Sed
604 1853 888 1914 iam'Renaudotius
906 1856 1053 1932 cognovit,
1076 1857 1153 1914 hanc

136 1963 200 2003 non
233 1947 298 2003 tam
330 1945 547 2020 praefationem
579 1961 642 2003 esse
675 1963 765 2019 quam
796 1943 936 2003 notitiam
967 1944 1152 2020 possessoris,

136 2031 305 2092 versionem
327 2033 424 2110 ipsam
445 2033 540 2110 igitur
563 2033 600 2091 ab
624 2032 683 2091 alio
708 2051 770 2091 esse
792 2033 918 2108 factam,
941 2033 1024 2092 cuius
1046 2053 1153 2092 nomen

136 2122 295 2181 nescimus.
337 2119 427 2200 (Hist.
442 2122 622 2198 patriarohh.
636 2121 796 2180 Alexandr.
810 2142 838 2198 p.
855 2119 918 2200 77.)
959 2113 1054 2180 Addit
1076 2122 1152 2182 eius·

137 2211 207 2269 dem
228 2211 410 2271 collectionis
429 2211 543 2270 codices
560 2211 656 2270 multo
676 2210 859 2286 antiquiores
876 2210 1001 2270 Parisiis
1020 2230 1090 2286 esse,
1115 2230 1152 2270 sc.

137 2299 215 2359 dnos
237 2299 336 2376 regios
358 2319 509 2376 unumque
533 2299 744 2358 (lolbcrtinum.
791 2299 849 2358 Sed
871 2299 923 2358 Dr.
942 2299 966 2358 I.
978 2300 1013 2357 B.
1029 2298 1152 2375 Ohabot,

137 2389 186 2448 vir
204 2388 393 2448 doctissimus
412 2392 502 2464 atque
515 2387 754 2462 humanissimus,
773 2407 792 2446 a
806 2407 865 2464 quo
879 2388 1023 2464 petieram
1036 2392 1072 2447 ut
1084 2389 1153 2448 illos

137 2477 288 2536 conferret
310 2475 437 2552 codices,
465 2477 517 2534 diu
542 2475 754 2535 bibliothecam
780 2477 963 2536 nationalem
985 2477 1154 2535 Parisinam

136 2569 344 2643 perscrutatus
365 2566 440 2625 mihi
461 2564 622 2641 respondit,
645 2584 705 2624 non
728 2563 859 2623 dubitari
880 2584 975 2641 posse,
1002 2565 1074 2640 quin
1096 2565 1152 2624 Re·

137 2655 301 2714 naudotius
318 2655 507 2732 intellegeret
525 2653 639 2712 codices
654 2653 857 2712 Golbertinum
870 2656 967 2728 4077,
986 2673 1063 2712 nunc
1081 2653 1151 2711 bibl.

128 2747 202 2802 'nat
223 2745 301 2818 235,
324 2747 355 2802 et
376 2743 493 2820 regium
517 2745 589 2817 127,
612 2761 690 2801 nunc
711 2742 782 2800 bibl.
801 2746 863 2801 nat.
879 2745 942 2802 234
967 2738 1098 2820 (XIHs.)
1123 2745 1153 2801 et
1200 2743 1208 2766 ⁶

135 2831 256 2909 regium
276 2833 348 2907 118,
372 2851 449 2890 nunc
469 2833 531 2891 236
556 2827 677 2908 (Kisa),
699 2830 742 2888 ibi
763 2850 833 2889 vero
857 2851 1012 2890 nnmerum
1035 2835 1154 2890 tantum

135 2920 269 2980 inveniri
295 2921 514 2997 episcoporum,
541 2919 662 2978 uomina
689 2919 797 2978 deesse.
842 2920 947 2996 Neque
973 2921 1005 2978 in
1030 2919 1153 2995 reliquis

135 3010 222 3068 illius
240 3009 438 3069 bibliothecae
456 3007 605 3068 codicibus
618 3007 755 3067 Arabicis
768 3008 825 3067 huc
838 3009 1054 3084 pcrtinentibus
1069 3007 1152 3084 quid-

136 3117 232 3175 quam
253 3098 315 3175 lcgi
337 3098 395 3158 nisi
417 3116 582 3156 numerum.

126 3216 136 3222 -
230 3187 279 3244 Ad
309 3207 405 3245 unum
436 3186 530 3263 igitur
557 3185 687 3245 codicem
714 3205 734 3261 g
759 3185 896 3245 redactus
924 3205 1012 3245 eram.
1058 3185 1153 3242 Totus

137 3276 217 3335 liber
246 3275 394 3352 scriptura
424 3274 580 3351 grandiore
610 3278 641 3333 et
669 3274 905 3333 luculentissima
934 3278 980 3333 est
1006 3276 1152 3332 exaratus.

138 3365 176 3423 In
203 3364 301 3423 indice
329 3364 534 3440 episcoporum
560 3363 681 3422 nomina
707 3363 797 3422 rubro
821 3364 918 3422 colore
942 3365 1011 3421 sunt
1033 3361 1152 3437 scripta,

130 3453 300 3524 ,civitatum
328 3457 402 3511 atro.
447 3451 504 3510 His
531 3451 642 3527 ubique
669 3451 731 3510 fere
754 3451 885 3527 praefixa
908 3454 953 3510 est
975 3450 1091 3526 syllaba
1114 3451 1152 3524 al,

137 3541 196 3618 qui
222 3545 269 3601 est
296 3541 441 3600 articulus
462 3539 616 3600 Arabicus.
661 3539 766 3599 Multis
792 3539 866 3598 locis
893 3540 1036 3616 leguntur
1062 3539 1153 3598 etiam
