2538 3926
499 187 658 245 comcs.

71 357 122 414 34.
146 358 255 432 paulos
284 357 326 416 hi
357 357 553 416 maximianu-
604 357 720 416 Paulus
742 357 774 415 in
796 356 1039 434 Maximianopoli

70 536 120 593 35.
145 535 299 595 ianuarios
320 535 362 593 hri
380 535 512 594 hiericho

70 625 121 682 36.
146 622 285 683 diodorus
307 625 350 682 hi
368 624 495 683 basulon

70 713 120 771 37.
145 713 242 771 aetios
264 714 307 771 hr‘r
326 713 424 772 dintia

70 802 120 859 38.
144 801 266 860 sabinos
287 802 330 860 hir
350 805 451 860 azotos

604 535 764 593 Ianuarius
787 535 819 592 in
841 535 1035 594 Hierichunto

604 624 753 682 Diodorus
776 624 809 681 in
830 624 964 682 Basulon

603 713 711 770 Aetius
733 713 765 770 in
787 713 893 770 Dintia

605 801 733 860 Sabinus
755 802 789 859 in
810 801 928 860 Azoto‘

70 891 119 949 39.
143 891 332 966 patrophilus
358 891 401 949 hir
427 891 550 966 shytho
603 891 796 966 Patruphilus
819 891 851 948 in
874 890 1048 968 Scythopoli

142 980 223 1055 polis

69 1069 119 1127 40.
144 1069 283 1144 asklepas
305 1068 347 1126 hri
366 1086 442 1145 gaza

70 1158 119 1215 41.
143 1161 249 1233 petrus
271 1157 312 1215 hir
330 1157 414 1215 ialon

604 1068 747 1144 Asclepas
769 1068 802 1126 in
825 1066 907 1128 Gaza

604 1157 712 1216 Petrus
735 1157 767 1216 in
788 1156 861 1216 Iulis

68 1247 119 1305 42.
143 1247 299 1306 antiochos
318 1246 360 1304 hri
381 1246 550 1323 gapetulios
604 1246 770 1306 Antiochus
793 1246 825 1304 in
849 1244 1010 1322 Gapetulio

199 1417 249 1482 Hi
275 1421 364 1482 sunt
385 1417 611 1502 Phoenices3
634 1423 723 1482 sunt
746 1418 959 1484 duodecim:

70 1530 118 1588 43.
142 1538 237 1589 zenon
258 1531 299 1589 hfi
320 1533 403 1606 tyros

70 1619 119 1678 44.
143 1620 268 1678 ananias
290 1617 343 1679 hffi
364 1621 504 1695 ptolmais

69 1708 117 1766 45.
141 1727 268 1785 magnos
289 1709 331 1768 hri
352 1709 508 1768 damashos

70 1796 118 1855 46.
141 1797 303 1857 theodorus
326 1799 368 1856 hii
388 1798 473 1856 sidon

70 1885 118 1943 47.
141 1886 282 1946 ellatikos
304 1887 346 1946 hh
365 1887 482 1962 tripolis

70 1974 118 2032 48.
141 1975 294 2052 gregorios
316 1976 358 2033 hh
378 1975 462 2034 betos

71 2065 118 2122 49.
141 2064 273 2122 marinos
295 2063 347 2122 hm
368 2065 522 2140 palmeron

73 2152 120 2210 50.
142 2152 310 2212 thadoneus
333 2154 374 2212 hri
395 2154 475 2212 lazos

73 2241 119 2300 51.
143 2242 292 2301 anatolios
314 2243 356 2300 hfi
376 2245 489 2301 emetsa

74 2329 120 2389 52.
142 2331 311 2407 philolmloa
333 2328 384 2390 hm
406 2331 511 2406 panias

604 1531 682 1590 Zeno
704 1532 736 1588 in
760 1531 839 1607 Tyro

603 1620 736 1678 Ananias
759 1620 791 1677 in
812 1618 997 1679 Ptolemaide

602 1709 729 1786 Magnus
752 1709 784 1766 in
807 1709 954 1766 Damasco

603 1797 775 1856 Theodorus
798 1798 830 1854 in
854 1797 962 1855 Sidone

602 1886 770 1945 Hellatious
793 1886 825 1943 in
848 1885 962 1961 'lhipoli

604 1974 765 2051 Gregorius
787 1975 819 2032 in
841 1969 995 2052 Bo<ry>to

602 2064 736 2123 Marinus
759 2064 791 2121 in
813 2063 961 2139 Palmyris

604 2153 780 2212 Thadoneus
804 2153 835 2210 in
858 2153 936 2211 Lazo

602 2242 762 2301 Anatolius
786 2243 818 2300 in
839 2242 948 2300 Emesa

602 2331 772 2390 Philooalus
796 2331 827 2389 in
849 2329 981 2389 Paniade

74 2418 119 2476 53.
143 2419 306 2496 synodoros
328 2420 369 2478 hii
395 2423 548 2479 antaratos
603 2412 805 2497 Synodorusl)
829 2419 860 2477 in
883 2417 1038 2478 Antarado

75 2506 121 2565 54.
142 2509 259 2568 ballaos
282 2509 324 2567 hri
343 2509 471 2594 thersea·
498 2585 502 2594 Ι

601 2509 726 2596 Ballaus
750 2509 781 2565 iu
804 2508 933 2566 Thersea
1046 2519 1049 2526 ·

147 2679 198 2744 Hi
222 2684 310 2744 sunt
333 2679 474 2769 Syriae·
493 2679 707 2768 inferioris
731 2683 828 2771 sunt·
842 2699 996 2774 numero

416 2769 734 2854 quattuordecim:
854 2853 856 2860 y

76 2876 121 2936 55.
143 2881 308 2940 eustathios
333 2882 374 2939 lui
398 2881 548 2941 antiochia
600 2879 778 2939 Eustathius
800 2880 832 2937 in
854 2879 1015 2939 Antiochia

77 2965 122 3025 56.
144 2969 279 3030 zenobios
301 2971 342 3029 hh
362 2971 495 3029 seleukia

77 3055 122 3112 57.
144 3058 299 3118 theodotos
322 3060 363 3118 hii
381 3059 514 3118 laodikia

78 3141 123 3201 58.
146 3147 260 3222 alphios
282 3149 322 3206 hri
344 3149 462 3224 apamia

601 2969 747 3028 Zenobius
770 2969 802 3026 in
825 2968 961 3028 Seleucia

602 3058 771 3117 Theodotus
794 3058 826 3115 in
848 3057 989 3116 Laodicia

600 3147 728 3222 Alphius
751 3147 783 3204 in
805 3147 934 3222 Apamia

78 3230 123 3290 59.
145 3236 316 3310 philoxeuos
330 3238 371 3296 hir
385 3237 545 3312 hierapolis
600 3236 780 3295 Philoxenus
803 3236 835 3292 in
857 3233 1013 3308 Hierapoli

79 3318 124 3379 60.
146 3325 284 3384 salumias
302 3327 342 3385 hir
357 3326 545 3385 kermanikos
601 3325 747 3384 Salamias
770 3325 801 3382 in
824 3322 994 3382 Germanico

79 3407 546 3490 61.perperi0sh1·1samusaton
599 3412 758 3489 Perperius
781 3413 812 3470 in
835 3409 1002 3471 Samusatis

79 3514 281 3534 Ἢ

143 3567 168 3635 ι)
185 3567 229 3622 est
247 3566 412 3623 zenodorus.

829 3649 863 3702 62
