2596 3932
169 192 329 250 CARVIII.
356 191 404 247 Da
422 193 574 248 PATRUM
591 193 834 249 NICAENORUM
848 195 1011 250 NUMERO.
1047 195 1122 249 XLV

523 489 605 575 Cap.
625 487 714 555 VIII.

315 641 361 707 De
383 641 513 729 patrum
535 639 750 709 Nicaenorum
772 659 916 709 nuncio.

195 806 291 866 Varia
314 807 350 865 de
367 809 488 883 patrum
505 806 704 866 Nicaenorum
722 825 845 868 numero
865 808 944 884 apud
962 809 1120 884 scriptores

110 900 210 956 extant
242 894 423 956 testimonia.
468 896 613 956 Auctores
645 896 846 974 antiquissimi
877 900 947 956 sunt
973 895 1144 971 Eusebiuss

111 985 310 1045 Caesariensis
333 988 363 1044 ct
382 986 559 1044 Eustathius
577 986 781 1046 Antiochanus
804 986 855 1062 qui
877 986 957 1045 inter
974 987 1121 1047 Nicaenos

109 1075 262 1150 praesules
290 1074 436 1133 sederunt.
481 1075 627 1140 Eusebius
654 1075 686 1133 in
708 1076 755 1133 HI
784 1073 907 1135 devita
933 1075 1123 1136 Constantini

109 1164 184 1224 libro
213 1165 298 1240 cp.8
325 1164 452 1239 amplius
477 1163 548 1223 CCL
576 1167 676 1240 patres
704 1164 795 1223 fuisse
823 1163 908 1223 dicit:
936 1161 984 1224 ἐπὶ
1011 1161 1043 1224 δέ
1070 1173 1122 1244 τῆς

109 1252 263 1332 παρούσης
285 1252 399 1333 χορείας
421 1249 589 1313 ἐπισκόπων
607 1249 661 1332 μέν
678 1252 799 1331 πληθὺς
817 1244 855 1331 ἦν
873 1252 1055 1330 πεντήκοντα
1072 1252 1120 1314 καὶ

112 1341 272 1402 διακοσίων
292 1338 422 1421 ἀριθμὸν
441 1340 716 1422 όπερακοντίζουσα.
754 1343 890 1402 Socrates
909 1338 981 1420 (18,
993 1339 1025 1421 9)
1045 1344 1123 1403 hunc

110 1431 206 1490 locrnn
229 1431 395 1491 exscribens
419 1449 575 1490 numerum
598 1435 690 1510 auget
711 1429 782 1491 CCC
804 1430 895 1491 fuisse
918 1434 1019 1508 patres
1043 1433 1122 1491 affir-

111 1537 206 1580 mans:
242 1517 364 1598 πληθυς
399 1519 573 1599 τριακοσίων
531 1517 740 1599 ωνάριθμὸν
776 1513 1093 1601 ὖπερακοντίζουσα
1075 1545 1122 1600 ην.

111 1609 184 1669 Euat
185 1609 287 1669 athius
316 1607 531 1686 Antiochcnus,
564 1609 600 1669 dc
633 1609 798 1670 Salomonis
831 1610 965 1686 proverb
984 1611 1060 1669 VIII
1080 1613 1120 1669 22

110 1699 199 1758 verba
221 1698 348 1758 faciens:
370 1697 511 1776 σύνοδος,
533 1698 640 1776 inquit,
664 1697 770 1776 ένςτὴ
793 1696 932 1759 Νικαέων
955 1695 1122 1776 ἀφικνεῖται

112 1788 228 1867 μεγίστη
262 1785 420 1847 διακοσίων
447 1786 517 1866 μήτι
544 1809 577 1867 γε
605 1785 655 1847 καί
682 1785 886 1866 ἑβδομήκοντα
910 1787 962 1848 τὸν
989 1785 1121 1867 ἀριθμὸν

111 1872 195 1954 ὁμόσε
217 1871 429 1956 συναχθέντων
448 1872 635 1954 (Theodorei.
649 1876 718 1935 hist.
734 1876 864 1935 eooles.I
881 1873 921 1954 7).
962 1877 1121 1937 Trecentos

104 1968 208 2040 ‘patres
222 1968 435 2026 commemorat
445 1963 658 2026 Constantinus
671 1965 835 2042 imperator
847 1965 879 2023 in
890 1965 1017 2042 epistola
1032 1985 1122 2042 quam

105 2053 149 2113 ‘ad
165 2054 400 2115 AlexandrInam
423 2053 577 2115 ecclesiam
600 2053 683 2114 dedit
704 2055 740 2114 cf.
761 2053 873 2114 Socrat.
891 2055 953 2130 19,
964 2057 1019 2114 21:
1042 2077 1121 2135 τρια-

104 2144 178 2204 κοσί
177 2167 219 2205 ων
237 2149 312 2224 γοῦν
329 2141 378 2204 καί
396 2142 541 2206 πλειόνων
559 2141 766 2204 ἐπισκόπων.
778 2167 819 2222 ,μ
821 2143 870 2203 ίαν
887 2139 984 2204 καί
956 2165 1010 2222 την
1028 2143 1122 2223 αὐτὴν

112 2232 254 2294 πίστιν..
264 2232 497 2313 βεβαιούντων.
539 2229 633 2292 24.‘¹
618 2231 711 2314 ογᾶρ
734 2237 795 2306 τοῖς
817 2233 995 2314 τριακοσίοις
1018 2231 1121 2313 όλρεσεν

113 2317 290 2394 ἐπισκόποις.
333 2321 446 2381 Verum
471 2321 521 2382 hic
548 2302 687 2382 ndmerus
711 2343 783 2380 num
809 2342 896 2382 verus
924 2323 964 2382 sit
951 2321 1124 2382 tdubitari

113 2413 218 2487 potest.
255 2410 343 2513 Epist
329 2411 423 2471 tolam
437 2412 516 2471 enim
531 2411 684 2472 Constant
661 2415 719 2472 tim
709 2411 869 2470 Socrates
882 2412 1042 2471 memoriae
1055 2431 1122 2488 pro·

114 2499 187 2560 didit
213 2501 267 2578 qui
289 2503 320 2560 et
341 2499 462 2559 Eusebii
485 2521 641 2560 numerum
663 2501 805 2576 mutavit,
833 2503 868 2558 ut
891 2519 957 2558 cum
980 2501 1123 2560 seriorum

106 2589 234 2650 'calculis
252 2590 430 2649 conveniret,
462 2589 607 2666 Locuples
623 2589 694 2650 CCC
707 2593 828 2666 patrum
840 2590 926 2648 testis
940 2589 1123 2649 Athanasius

106 2681 159 2736 *est
179 2678 235 2756 qui
255 2679 288 2737 in
311 2677 440 2755 epistola
462 2679 500 2738 ad
522 2679 681 2739 monachos
700 2697 744 2755 cp
760 2680 800 2738 66
820 2679 865 2738 ita
884 2678 998 2738 scribit:
1022 2679 1054 2739 οί
1070 2675 1123 2758 μὲν

116 2757 169 2826 ουν
199 2765 320 2876 πρισέρες
350 2763 436 2846 ἡμῶν
467 2765 677 2846 οἰκουμενικήν
706 2767 836 2828 σύνοδον
866 2766 1043 2845 πεποιήκασι
1074 2766 1124 2828 καλ

114 2855 312 2963 τριακόσιοι
338 2861 440 2918 πλεῖον
467 2854 487 2936 ἢ
510 2856 628 2918 ἔλαττον
653 2856 846 2929 συνελθόντες
872 2853 1046 2938 κατέκριναν
1069 2856 1124 2935 τὴν
1142 2888 1145 2894 ·

114 2935 267 3024 Ἀρειανήν
292 2945 411 3027 αἵρεσιν.
455 2947 592 3006 Eundem
618 2965 775 3006 numerum
801 2947 926 3006 habet
917 2965 950 3004 111
978 2947 1063 3023 epist.
1088 2947 1124 3006 de

118 3033 234 3109 synodis
249 3053 293 3148 cp.
308 3037 364 3096 43·
383 3035 419 3097 od
433 3034 509 3116 χρὴ.
521 3044 600 3096 ,τῶν
615 3035 822 3096 συνελθόντων
839 3034 891 3096 τὸν
904 3032 1037 3116 ἀριθμὸν
1051 3052 1125 3114 cvp-

108 3121 281 3204 ·βιίλλειν,“
265 3147 314 3185 ινα
332 3124 373 3204 μὴ
391 3125 519 3186 δοκῶσιν
537 3147 565 3186 οι
558 3123 787 3206 τριακόσιοι
805 3123 874 3198 τοὺς
891 3121 1045 3196 ἐλάττονας
1063 3121 1125 3184 ἐπι-

117 3211 261 3288 κρύπτειν.
303 3213 378 3274 Cum
395 3214 562 3279 Athanasio
585 3215 724 3274 convenit
743 3213 850 3276 Iuliusv
862 3233 942 3291 papa
959 3213 1125 3275 Romanus:

120 3300 226 3363 οἰκῶν
246 3304 420 3384 τριακοσίων
442 3303 494 3377 τὰς
516 3302 643 3382 ψήφους
664 3296 735 3384 παρ’
753 3300 842 3365 οὐδὲν
863 3301 986 3381 θέμενοι
1008 3303 1041 3362 in
1064 3305 1124 3382 epi·

109 3390 195 3450 stola
218 3393 295 3469 apud
317 3393 461 3454 Athanas.
481 3394 558 3470 apol.
578 3393 722 3452 adrian.
742 3413 786 3470 cp.
802 3395 853 3454 23.
872 3424 914 3433 -
933 3389 992 3453 ἔδει
1015 3397 1125 3472 μᾶλλον

122 3476 160 3554 μὴ
183 3484 311 3561 λυθῆναι
332 3491 391 3543 τῶν
414 3483 587 3564 τριακοσίων
605 3481 660 3560 τὴν
677 3492 786 3563 ψῆφον
808 3484 827 3541 l.
843 3501 865 3541 c.
886 3501 929 3558 cp.
947 3483 987 3541 25
1012 3486 1043 3542 et
1066 3484 1125 3544 Lu·

122 3565 191 3626 cifer
208 3569 396 3632 Caralitanus
419 3573 586 3650 episcopus:
609 3572 698 3632 fidem
713 3619 736 3631 ..
752 3572 930 3648 descriptam
949 3591 967 3631 a
985 3575 1126 3636 trecentis
