2596 3932
154 110 202 168 XL
239 109 385 168 CARVII.
418 107 466 164 Da
485 107 647 166 RATIONE
668 107 765 174 QUAE
784 107 897 166 INTER
915 105 1092 162 sinceritas

154 277 298 340 Armenia
329 275 481 352 exhibent,
504 307 546 322 -w
571 277 699 339 alterurn
728 276 916 338 decurtatam
945 275 1025 352 qnod
1053 275 1174 338 omissis

157 365 302 441 Stephani
316 365 507 442 Rodonisque
525 365 694 428 nominibus
712 367 773 426 tres
791 367 913 428 tantum
926 364 1077 426 antistites
1092 383 1174 426 ecm-

155 457 310 518 memorat.
355 454 443 516 Hunc
473 453 606 517 ordinem
628 453 739 516 Latina
765 453 881 516 familia
903 453 935 514 Π
961 455 992 512 01
1015 457 1179 518 contextus

157 542 286 607 Graecus
315 546 463 606 secuntur.
509 543 574 604 Iam
596 562 667 606 vcro
695 543 819 606 alterim
841 542 1020 606 recensionis
1043 543 1178 606 indicem·

156 633 373 709 perlustrantes
402 633 533 708 quinque
561 635 592 694 et
618 632 666 694 hic
693 629 1023 707 nomina‘invenimus3
1051 635 1084 694 at
1110 632 1174 692 tria

156 725 275 786 tantum
300 721 505 798 Cappadociae
527 721 698 798 provinciae
722 720 939 796 attribuuntur,
963 721 1022 783 duo
1045 740 1117 784 vero
1140 721 1175 782 10

154 811 329 874 &maniam
354 811 500 872 minorem
527 810 717 886 transposita.
739 813 818 872 sunt.
862 809 998 872 Dubium
1026 828 1088 872 0330
1112 829 1173 872 000

154 903 267 976 potest,
296 900 369 976 quin
391 899 474 975 prius
498 899 712 977 recessionum
727 918 819 976 genus
842 918 947 962 verum
969 903 1000 961 ct
1023 899 1176 960 sincerum

154 990 309 1054 nominum
324 988 457 1052 ordinem
471 988 637 1052 retinuerit.
660 989 716 1050 1110
732 991 833 1052 autem
847 987 901 1064 qui
915 988 1039 1050 alteriue
1054 988 1173 1066 generis

155 1079 351 1154 archetypum
374 1077 502 1140 confecit
524 1077 583 1139 duc
606 1078 728 1140 nomina
750 1077 964 1153 praetermisit,
988 1080 1018 1138 et
1041 1096 1174 1140 errorem

155 1167 336 1243 perspiciens
360 1166 436 1229 falso
460 1167 525 1230 loco
548 1169 652 1242 postea
676 1166 799 1228 eddidit.

244 1253 458 1318 Gravissimum
490 1257 592 1318 autem
625 1255 856 1331 discrepantiam
887 1255 918 1314 in
949 1253 1073 1318 Galatia
1102 1273 1173 1331 pro·

154 1343 254 1408 vincia
279 1343 378 1408 habea.
424 1344 455 1405 Π
481 1343 510 1404 V
537 1343 612 1406 VHI
638 1344 681 1406 IX
706 1345 750 1406 XI
781 1345 878 1421 primo
910 1344 988 1406 inter
1020 1343 1174 1406 antistites

154 1435 219 1498 loco
243 1433 417 1496 Marcellum
441 1432 635 1509 Aramum
659 1434 813 1496 collocant.
856 1431 967 1496 Contra
984 1433 1030 1495 HI
1050 1433 1094 1494 IV
1112 1432 1175 1494 VII

154 1523 296 1586 Marcello
320 1524 467 1598 expuncto
486 1521 687 1585 Pancharinm
704 1522 842 1598 Ancyrae
866 1523 1037 1598 episcopum
1059 1522 1092 1584 in
1110 1541 1172 1584 me·

155 1611 239 1670 dium
257 1611 421 1687 proferunt.
458 1611 474 1668 I
493 1613 524 1670 et
541 1611 584 1669 XI
603 1630 669 1674 cum
687 1611 863 1674 Marcellum
880 1608 1027 1689 (Marcum
1044 1607 1082 1688 Ι),
1104 1614 1174 1672 tum

154 1700 355 1760 Pancharinm
378 1700 532 1760 adnotant.
571 1698 651 1766 Satis
671 1703 789 1764 constat
807 1703 940 1777 ternpore
958 1701 1084 1759 Nicaeni
1103 1719 1172 1759 con-

156 1790 217 1850 cilii
234 1790 410 1851 Marcellum
428 1789 565 1866 Ancyrae
587 1791 760 1866 episcopum
778 1790 879 1850 fuisse.
915 1789 1092 1872 Mittoxeum
1110 1789 1173 1848 iam

156 1899 182 1938 a.
194 1881 257 1939 314
272 1900 300 1955 p.
313 1878 378 1938 Ohr.
390 1899 417 1937 n.
434 1879 551 1938 concilii
564 1879 719 1956 Ancyrani
738 1879 811 1942 actis
831 1878 1047 1954 subscripsisse,
1066 1897 1172 1956 quarn·

154 1968 199 2027 vis
223 1968 310 2027 valde
333 1967 487 2044 probabile
510 1968 550 2028 sit
573 1969 697 2028 00001110
716 1969 853 2044 Ancyrae
876 1967 979 2026 habito
998 1967 1174 2043 episcopum

154 2055 237 2115 urbis
260 2056 353 2131 ipsius
375 2057 552 2115 interfuisse.
589 2057 806 2132 Episcoporum
824 2057 903 2114 enim
922 2055 1173 2116 subscribentium

154 2144 243 2202 index
265 2143 392 2202 Latinus
417 2140 527 2221 (Mansi
550 2145 580 2202 Π
596 2146 669 2219 527,
686 2146 748 2203 528
769 2165 796 2202 0.
811 2145 839 2220 Ι,
864 2142 941 2222 534)
968 2145 1074 2204 dubiae
1102 2144 1173 2206 fidei

156 2235 214 2308 031,
242 2251 337 2310 neque
365 2233 460 2294 maior
487 2233 582 2293 libelli
610 2233 744 2308 synodici
772 2233 935 2292 auctoritas
959 2233 1079 2309 estqui
1103 2252 1173 2292 eum

127 2381 132 2397 ἲ
155 2341 215 2384 una
237 2315 312 2384 ’0100
334 2321 493 2398 Agricolae
519 2320 704 2382 Caesariensi
732 2322 856 2381 concilio
881 2322 1046 2398 praefuisse
1069 2323 1172 2382 tradit.

156 2409 215 2469 sed
246 2411 310 2486 ipse
337 2411 495 2470 Marcellus
528 2411 560 2469 in
590 2412 718 2487 epistola
745 2413 783 2470 ad
809 2411 920 2470 Iulium
948 2411 1029 2470 urbis
1058 2412 1171 2470 Romae

155 2519 267 2577 papam
286 2500 357 2560 data
376 2518 407 2559 30
426 2500 1040 2576 000011οΝ1000οο101011010301001010οε
1058 2495 1172 2572 τινὲς..

156 2587 208 2662 οὓς
232 2585 287 2670 ἐγὼ
311 2587 344 2650 ἒν
367 2599 403 2676 τῇ
425 2587 499 2648 κατὰ
518 2589 649 2650 Νίκαιαν
672 2587 789 2668 συνόδῳ
809 2587 945 2668 (101100ξο
968 2585 1129 2668 (Epiphan.
1146 2609 1170 2648 0.

154 2679 266 2737 haeres
281 2677 393 2739 LXXII
406 2679 464 2740 vol.
478 2678 525 2736 HI
542 2699 571 2754 p.
588 2681 660 2754 270,
672 2679 712 2737 25
727 2674 839 2756 Dina).
877 2677 962 2747 Quod
980 2678 1172 2738 confirmatur

156 2766 184 2824 S.
195 2767 355 2826 Athanasii
373 2767 545 2830 testimonio
566 2762 610 2844 (in
629 2768 746 2844 apolog.
762 2786 785 2826 0.
800 2767 903 2825 Arian.
919 2785 982 2843 000.
994 2764 1063 2846 23.):
1082 2765 1171 2844 Μάρ-

154 2859 254 2930 κελλος
282 2851 413 2936 μὲνγὰρ
442 2852 632 2937 ἐμαρτυρήθη
658 2851 731 2934 ἡμῖν
753 2853 803 2915 καὶ
829 2852 860 2916 ἐν
883 2865 919 2942 τῇ
942 2854 1014 2916 κατὰ
1038 2855 1171 2916 Νίκαιαν

155 2942 272 3028 συνόδῳ
296 2948 358 3016 τοῖς
380 2942 415 3004 τὰ
432 2937 545 3023 Ἀρείου
564 2953 729 3024 φρονοῦσιν
748 2941 933 3026 interpraete.
975 2945 1081 3004 Sedem
1099 2945 1170 3004 reti-

154 3034 223 3095 nuit
249 3052 342 3112 usque
371 3033 409 3092 ad
433 3053 543 3092 annum
567 3035 629 3094 338
654 3055 682 3110 p.
704 3033 769 3094 chr.
788 3054 830 3109 0.,
859 3054 917 3110 quo
941 3035 1070 3112 synodus
1095 3032 1170 3096 Gon·

155 3122 426 3198 stantinopolitana
439 3123 585 3182 Basiliam
599 3123 631 3181 in
640 3123 775 3182 Marcelli
790 3123 918 3199 depositi
932 3123 1031 3182 locum
1045 3123 1170 3182 suffecit.

153 3211 240 3271 Unde
269 3215 382 3271 certum
405 3212 439 3269 fit
461 3215 594 3288 tempore
618 3213 735 3272 concilii
758 3213 883 3271 Nicacni
907 3214 937 3270 01
960 3213 1060 3270 (1000οι
1084 3212 1170 3272 00013

154 3304 224 3376 post
250 3302 366 3360 nullum
394 3301 486 3358 alium
514 3302 571 3360 nisi
598 3301 772 3360 Marcellum
795 3301 986 3377 Ancyranam
1016 3300 1170 3360 ecclesiam

156 3389 387 3450 administrasse.
435 3388 493 3450 sed
525 3390 671 3466 quomodo
703 3390 735 3448 in
767 3389 850 3448 libris
877 3389 1061 3450 Pancharius
1087 3389 1170 3448 illius

156 3477 254 3536 officio
278 3477 433 3557 fungitur?
470 3479 638 3553 Marcellus,
662 3481 802 3536 strenuus
821 3477 892 3536 olim
910 3496 996 3536 verae
1015 3477 1084 3536 fidei
1102 3495 1169 3552 pro·
