2596 3932
179 145 266 200 LXVI
309 145 386 201 CAP.
401 145 461 201 XII.
488 143 636 200 NOMINA
653 143 806 198 PATRUM
823 143 1066 199 NICAENORUM

268 313 384 372 Auctor
401 313 506 372 indicis
522 312 637 389 Ooptici
654 331 776 388 prorsus
795 313 855 372 alio
875 313 976 372 ordine
995 331 1090 388 quam
1106 315 1196 372 ceteri

180 402 250 460 libri
263 402 396 478 Aegypti
409 403 582 478 Libyaeque
597 403 749 477 episcopos
766 404 907 460 recenset.
938 400 1091 470 Quattuor
1104 422 1197 462 novos

181 491 265 550 addit
288 483 417 571 (omittit
441 491 593 550 Tiberium
617 483 813 571 Tauthyten).
855 491 1003 549 Thmueos
1026 492 1197 566 praesulem

181 581 234 656 qni
257 580 362 639 ceteris
382 578 476 639 Gaius
499 584 544 639 est
565 579 718 638 Tiberium
735 580 878 638 nominet.
917 578 1088 638 Secundum
1107 600 1198 655 quem

182 688 282 728 omnes
311 669 364 728 alii
391 669 461 727 libri
489 670 568 728 inter
589 668 722 745 Aegypti
744 669 896 744 praesules
919 672 1075 727 recensent
1097 668 1198 728 Ptole·
1275 659 1276 680 ¹

179 758 272 816 maidi
290 757 404 834 Libyae
427 757 590 834 superioris
614 757 727 815 addicit
750 760 780 815 et
801 757 858 816 hoc
881 757 1002 833 quidem
1022 757 1199 817 rectissime.

180 847 227 906 Ab
245 847 413 906 Athanasio
434 847 513 905 enim
537 843 792 922 ὁΠενταπολίτης
810 847 990 921 appellatur.
1029 845 1073 904 Of.
1093 866 1140 922 ep.
1161 847 1200 906 ad

181 956 226 1012 ep.
240 937 314 1013 Aeg.
332 939 350 994 7
357 959 364 1011 ;
386 939 440 1011 19;
462 935 531 994 hist.
546 935 650 994 Arian.
666 936 716 993 65.
753 935 917 1010 Libyamm
935 935 1066 993 duarum
1084 936 1199 1011 episco-

180 1045 234 1100 pos
252 1044 315 1083 una
333 1027 478 1099 recenset3
497 1024 549 1083 sed
566 1027 646 1082 recte
664 1024 794 1099 primum
809 1024 973 1100 Antipyrgi
992 1027 1023 1082 et
1039 1024 1201 1084 Paratonii
1276 1049 1277 1066 2

180 1115 199 1171 i.
215 1135 239 1172 e.
254 1113 367 1189 Libyae
386 1113 544 1188 inferioris,
564 1113 631 1172 dein
648 1115 794 1188 quattuor
807 1111 920 1188 Libyae
935 1113 1096 1188 superioris
1111 1133 1199 1189 prae-

181 1203 261 1261 sules
277 1205 440 1276 enumerat,
455 1220 523 1260 cum
537 1201 627 1260 ceteri
641 1201 711 1259 libri
725 1202 888 1278 Antipyrgi
901 1202 1071 1277 praesulem
1082 1201 1201 1278 Libyae

182 1290 328 1366 superiori
350 1310 410 1349 non
432 1293 512 1348 recte
537 1290 716 1348 adiudicent.
758 1290 827 1349 Duo
851 1293 929 1349 certe
952 1291 1060 1349 horum
1083 1292 1200 1367 episco-

181 1400 296 1456 porum,
310 1380 419 1438 Petrus
430 1379 730 1455 Heracleopolitanus
741 1383 771 1437 et
780 1379 856 1437 Dius
867 1375 1054 1456 (Dioscorus)
1064 1379 1200 1439 Antaeo·
1277 1387 1278 1396 ’

180 1470 343 1544 politanus,
362 1469 394 1526 in
412 1468 559 1526 indicibus
578 1468 622 1525 VI
637 1472 667 1527 et
680 1469 716 1541 X,
740 1468 793 1543 qui
813 1469 935 1527 nomina
953 1487 1013 1526 non
1032 1470 1199 1528 secundum

181 1558 349 1634 provincias
374 1557 525 1634 digerimt,
553 1560 722 1616 occurrunt.
769 1555 914 1615 Similiter
938 1561 968 1615 et
990 1558 1077 1616 ambo
1100 1558 1198 1618 Phoe·

180 1647 260 1706 nices
292 1647 444 1722 praesules
481 1647 513 1704 in
547 1645 624 1705 libro
651 1645 799 1704 Vaticano
831 1647 1030 1721 reperiuntur.
1076 1645 1198 1708 V140:

181 1734 360 1815 Ζηνόδωρος
379 1727 565 1815 Ἀνταράδων
584 1768 627 1776 -
645 1735 690 1792 VI
706 1737 760 1794 72:
787 1732 903 1814 Βαρλὰς
928 1732 1035 1811 θελέης
1058 1767 1100 1776 -
1125 1736 1199 1794 Bal-

179 1827 263 1884 laum
292 1822 477 1884 Orthosiadis
508 1825 680 1900 episcopum
712 1841 775 1882 esse
808 1823 934 1883 coniecit
965 1824 1076 1900 Zotga3
1108 1824 1199 1900 falso,

179 1918 215 1974 ut
239 1914 367 1974 aliorum
391 1914 525 1973 indicum
547 1913 694 1974 vocabula
716 1913 853 1989 probant.
900 1909 1053 1988 Oppidum
1075 1933 1137 1972 una
1163 1933 1199 1972 ex

181 2003 299 2062 sedibus
318 2004 466 2062 Damasco
489 2002 630 2062 subiectis
653 2001 772 2061 videtur
794 2002 886 2060 fuisse
910 1995 1050 2082 (fortasse
1070 2002 1200 2062 Thelsea

180 2092 250 2150 Itin.
264 2092 335 2149 Ant.
351 2093 424 2165 196,
439 2084 483 2171 2).
528 2091 612 2148 Unus
635 2091 722 2149 testis
747 2089 884 2166 Goptious
903 2091 1062 2149 Eliconum
1079 2089 1199 2150 Abalae

180 2181 200 2237 i.
215 2199 239 2238 e.
253 2179 444 2238 Heliconium
458 2179 562 2238 Abilas
581 2179 700 2237 exhibet
718 2183 749 2238 et
762 2178 891 2237 Paulum
906 2177 1044 2255 Spaniae.
1083 2179 1201 2256 Spania

181 2272 227 2327 est
250 2268 353 2326 cadem
375 2267 445 2326 urbs
464 2285 542 2342 quae
564 2268 596 2326 in
618 2268 735 2327 notitiis
755 2268 859 2345 Spalia
882 2272 912 2327 et
930 2268 1017 2327 Palia
1041 2270 1200 2345 appellata

182 2356 320 2417 Galatiae
351 2357 383 2414 Π
415 2356 600 2415 attribuitur.
657 2357 800 2433 Tempore
838 2357 962 2416 Concilii
994 2357 1120 2416 Nicaeni
1158 2359 1200 2417 ad

183 2445 403 2522 Cappadociam
434 2445 611 2522 pertinebat.
659 2446 772 2522 Spania
803 2447 910 2506 melior
941 2447 1069 2505 nominis
1099 2447 1200 2506 forma

181 2555 245 2595 esse
266 2536 392 2595 videtur.

271 2622 378 2684 Omnia
400 2625 474 2682 haec
496 2624 617 2683 nomina
639 2624 756 2682 nullam
778 2623 893 2682 fraudis
915 2625 1115 2700 suspicionem
1133 2643 1198 2684 mo-

180 2715 260 2788 vent,
282 2713 334 2772 sed
352 2733 388 2772 ex
405 2713 488 2772 fonte
508 2713 627 2790 egregio
645 2713 756 2771 hausta
775 2731 837 2771 esse
855 2712 1001 2772 videntur.
1042 2713 1108 2771 Iam
1127 2733 1199 2772 cum

181 2801 334 2878 complura
356 2803 464 2861 horum
486 2802 639 2860 nominum
662 2805 693 2860 et
715 2802 746 2858 in
769 2800 814 2858 VI
836 2804 868 2859 et
889 2801 916 2858 X
939 2805 1104 2876 ocornrant,
1126 2821 1197 2878 pro-

180 2891 279 2950 babile
299 2893 353 2965 est,
376 2890 561 2967 Aegyptium
579 2893 731 2949 auctorem
748 2893 868 2966 praeter
886 2890 1013 2949 indicem
1031 2891 1198 2950 secundum

180 2979 349 3056 provincias
373 2979 522 3056 digestum
545 2979 669 3038 alterius
693 2979 808 3056 generis
832 2980 1002 3056 catalogum
1022 2980 1198 3056 inspexisse,

180 3069 262 3128 haud
280 3068 370 3126 dubie
388 3069 582 3128 vetustiorem
602 3071 632 3126 et
649 3068 850 3145 integriorem,
870 3068 1012 3143 quamVI
1029 3072 1060 3127 et
1072 3069 1101 3128 X
1115 3072 1197 3128 sunt.

271 3158 324 3215 111.
361 3157 411 3216 De
443 3157 645 3218 nominibus
678 3157 901 3216 recensionis
936 3157 1069 3216 tertiae
1105 3177 1197 3233 quae

180 3247 361 3306 indicibus
389 3247 432 3305 VI
460 3251 495 3306 et
520 3247 548 3305 X
576 3247 797 3306 continetur:
824 3246 889 3304 Iam
916 3245 1045 3306 vidimus
1073 3246 1196 3322 indices,

181 3336 233 3411 qui
266 3336 350 3394 nulla
384 3335 604 3412 provinciarum
637 3335 752 3394 ratione
784 3335 889 3393 habita
920 3336 1041 3393 nomina
1072 3339 1196 3410 patmm

182 3427 365 3498 enumerant,
389 3425 502 3483 sincera
526 3427 556 3482 et
575 3442 647 3484 vera
665 3423 915 3483 subscribentium
933 3427 1055 3498 patrum
1072 3425 1197 3483 nomina

181 3532 242 3572 non
267 3513 417 3588 praebere.
462 3511 610 3572 Arabicus
637 3513 725 3570 index
749 3531 852 3572 revera
877 3511 1049 3570 cocxvm
1072 3513 1197 3572 nomina

180 3619 289 3700 bur..
