2596 3932
164 181 306 249 XXXVIII
342 193 487 249 CARVII.
517 195 565 249 DE
580 193 742 250 RATIONE
762 193 859 260 QUAE
873 185 986 250 INTER
1000 194 1180 251 SINGULAS

163 382 236 422 num
254 381 363 440 genera
377 363 425 421 vel
441 363 624 423 recensiones
640 364 820 423 constituere
834 364 990 440 possimus.
1028 364 1093 422 Iam
1106 383 1179 424 vero

165 453 191 511 si
214 452 252 510 ad
272 449 418 510 Graecum
441 455 614 511 contextum
631 453 841 528 versionesque
865 453 1025 513 orientales
1045 453 1182 512 animum

164 540 356 617 advertimus,
378 561 442 599 rem
465 541 568 600 eodem
590 542 677 602 modo
701 561 731 600 se
755 542 863 601 habere
886 541 1060 602 videbimus.
1102 542 1179 603 Pars

163 631 243 688 enim
255 629 426 690 versionum
440 649 508 689 cum
520 631 620 706 priore
635 631 804 691 recensione
819 630 900 707 facit,
914 650 984 707 pars
999 651 1067 690 cum
1081 633 1180 691 altera

163 717 310 797 congruit.
343 717 429 788 Quod
446 719 638 795 perspicuum
656 720 753 780 facere
767 739 925 796 possumus
945 739 994 779 eas
1008 721 1179 797 provincias

152 801 392 885 perlustrantes,
419 825 497 884 quae
524 809 642 868 varium
667 810 782 868 sedium
806 809 1020 886 episcopalium
1043 809 1181 870 ordinem

162 898 308 957 exhibent.

250 985 425 1046 Provinciae
448 985 609 1046 Phoenices
637 986 720 1046 sedes
748 1006 798 1046 sex
823 987 948 1046 ultimae
971 988 1015 1046 111
1038 988 1070 1046 in
1092 988 1178 1048 libris

161 1076 293 1134 familiae
316 1067 364 1152 1¹)
389 1077 614 1134 enumerantur:
643 1075 1193 1152 Tripolis-Paneas-Berytuse

161 1163 664 1240 Palmyra-Alassus-Ilmisa.
710 1165 847 1224 Eundem
874 1166 1007 1224 ordinem
1032 1171 1179 1226 secuntur

162 1256 317 1313 contextus
329 1251 459 1312 Graecus
474 1248 529 1330 (V)
537 1244 570 1332 2),
584 1254 734 1313 versiones
748 1253 852 1330 Syriae
868 1250 955 1332 (VIII
968 1246 1064 1334 IX)²),
1078 1257 1177 1316 versio

41 1370 44 1374 ·
103 1376 107 1384 -
160 1341 303 1400 Armenia
331 1337 409 1419 (XI).
457 1341 568 1401 Contra
595 1342 664 1400 libri
691 1343 874 1402 familiarum
896 1343 1071 1403 1111111
1099 1345 1178 1404 hanc

83 1435 86 1440 '
160 1431 280 1490 urbium
308 1431 414 1490 seriem
440 1431 564 1490 habent:
594 1429 706 1508 Tripol'
733 1433 1176 1509 -Berytus-Palmyra—

159 1520 637 1580 Alassus-Ilmisa-Paneas.
678 1521 791 1580 Eadem
814 1521 969 1598 dispositio
996 1523 1088 1580 etiam
1110 1543 1177 1590 ver·

159 1609 251 1668 sionis
276 1607 416 1685 Copticae
440 1604 525 1688 (VII)
549 1613 602 1669 est.

169 1729 191 1748 „
248 1697 313 1756 Iam
335 1701 523 1760 transeamus
547 1699 586 1757 ad
609 1698 727 1775 Syriam
751 1698 866 1759 Coelen.
910 1697 985 1759 Cum
1007 1701 1176 1760 familiaeI

159 1786 248 1846 index
275 1787 381 1849 seriem
407 1787 558 1848 nonnullis
582 1789 654 1848 11111
677 1789 831 1848 turbatam
853 1789 1008 1866 praebeat,
1037 1789 1097 1848 dux
1122 1791 1174 1850 eli-

160 1877 273 1954 gendus
297 1879 343 1936 est
365 1877 497 1936 familiae
520 1878 552 1936 Π
575 1879 739 1956 catalogue,
763 1879 816 1954 qui
834 1897 853 1936 a
871 1882 981 1954 quarta
1001 1879 1174 1955 provinciae

159 1966 300 2025 arbeita
323 1965 456 2026 ordinem
478 1967 621 2043 disponit:
644 1965 1175 2043 Apamea-Raphaneae-Hiera·

159 2053 487 2130 polis-Germanicia,
503 2059 533 2114 et
545 2074 564 2113 a
574 2055 687 2114 decima
700 2056 804 2114 tertia:
819 2056 1174 2134 Zeugma-Larissa·-

159 2142 801 2218 Ilpiphania-Arethusa-Neocaesarea.
826 2142 891 2213 Qua
901 2163 970 2204 cum
979 2147 1053 2205 serie
1063 2147 1175 2206 iterum

160 2231 340 2291 conveniunt
364 2233 519 2291 contextus
539 2230 669 2292 Graecus
684 2232 721 2308 V,
741 2233 890 2293 versiones
915 2233 1019 2311 Syriae
1038 2235 1113 2293 VIII
1131 2237 1176 2294 IX

160 2323 190 2378 et
208 2319 350 2378 Armenia
368 2319 418 2378 XI.
455 2320 502 2378 III
521 2323 551 2380 et
569 2321 613 2378 IV
636 2324 739 2382 contra
762 2322 804 2381 sic
825 2323 972 2383 scribunt:
994 2324 1174 2400 Apamia—

159 2407 609 2484 Hierapolis—Germanicia—
621 2413 651 2469 et
665 2411 757 2470 infra:
771 2412 1174 2490 Zeugma-Raphaneae—

159 2497 280 2557 Larissa
290 2531 331 2539 —
342 2497 512 2575 Epiphania
531 2494 601 2576 (om.
615 2497 674 2578 III)
690 2534 731 2542 -
742 2499 894 2561 Arethusa
905 2535 947 2543 —
957 2502 1173 2562 Neocaesarea.

159 2586 296 2646 Eundem
319 2587 452 2648 ordinem
474 2588 611 2664 sequitur
633 2591 729 2650 versio
754 2589 877 2666 Coptica
902 2587 986 2670 (VII)
1010 2591 1068 2650 nisi
1091 2592 1175 2668 quod

158 2675 410 2752 Epiphaniensem
433 2677 599 2736 antistitem
622 2697 690 2738 cum
708 2679 835 2738 Abilene
861 2675 963 2757 (quem
986 2681 1050 2740 sola
1068 2679 1173 2759 habet)

159 2765 188 2822 in
217 2765 275 2824 fine
303 2767 397 2825 totius
421 2767 592 2842 provinciae
616 2768 749 2828 collocat.
795 2768 939 2828 Videmus
961 2769 1056 2847 igitur
1077 2770 1173 2846 priori

158 2854 363 2913 recensionum
381 2856 482 2932 generi
497 2855 685 2916 ascribendas
700 2876 762 2918 esse
776 2856 900 2917 Latinas
914 2859 1044 2917 familias
1058 2859 1074 2916 I
1088 2862 1118 2917 et
1132 2859 1172 2934 II,

159 2944 330 3001 contextum
350 2942 496 3006 Graecum
515 2941 577 3024 (V),
596 2947 745 3006 versiones
765 2946 866 3023 Syrias
887 2943 974 3024 (VIII
992 2945 1046 3026 IX)
1066 2951 1096 3006 11
1115 2948 1172 3006 Α1·

157 3032 288 3090 moniam
311 3028 391 3110 (XI);
416 3034 544 3093 alterum
568 3054 638 3095 vero
663 3053 755 3112 genus
778 3036 909 3095 familias
927 3035 1052 3095 Latinas
1070 3037 1117 3095 III
1141 3039 1172 3096 11

40 3133 45 3148 ·
157 3121 201 3180 IV
225 3124 255 3180 et
276 3120 442 3182 versionem
465 3121 620 3198 Copticam
643 3119 727 3202 (VH)
751 3126 966 3200 complectitur.
1078 3207 1082 3216 ι

230 3366 256 3432 1)
271 3363 400 3419 Secunda
413 3364 524 3419 familia
537 3365 639 3420 Latina
653 3381 703 3435 per
717 3382 837 3420 errorem
850 3366 1011 3421 Paneadem
1024 3367 1171 3436 Berytum-

157 3451 212 3502 que
230 3434 313 3488 urbee
332 3435 406 3490 Inter
419 3436 552 3490 Alassnm
565 3440 594 3491 et
607 3437 732 3490 Emisam
749 3437 837 3506 ponit.
910 3439 937 3508 2)
957 3437 1079 3492 Graecus
1098 3439 1172 3494 liber

157 3521 273 3559 mancus
293 3506 372 3560 sedes
391 3507 585 3578 Palmyrorum
603 3511 632 3562 et
650 3507 744 3562 Alassi
763 3507 882 3577 omittit,
905 3508 1001 3578 Syrius
1019 3508 1092 3562 liber
1105 3509 1171 3566 VIII

157 3575 253 3631 Alassi
272 3579 301 3632 11
318 3576 432 3633 Emisae
451 3579 544 3634 locum
561 3579 695 3648 mutavit3
715 3578 824 3648 reliqua
842 3583 917 3635 recte
935 3581 1097 3649 procedunt.
