2596 3932
170 174 219 228 LII
259 172 336 228 CAP.
350 173 385 232 X.
417 171 513 227 ORDO
532 171 684 226 PATRUM
702 171 847 227 NICAEN.
862 169 1095 226 RESTITUTUS.

171 341 299 400 Hosium
326 339 545 400 Cordubensem
574 343 605 400 et
630 341 780 400 Romanos
807 341 922 417 legatos
950 341 1081 416 ponunt,
1114 339 1188 398 dein

172 431 323 506 episcopos
364 429 527 489 secundum
564 429 732 505 provincias
773 427 931 505 dispositos
973 431 1186 488 enumerantes

172 519 295 578 initium
317 537 385 578 cum
402 518 541 596 Aegypto
564 519 688 578 faciunt.
726 515 899 577 Omittenda
921 518 1016 594 igitur
1038 520 1111 576 sunt
1131 536 1187 576 no-

171 608 254 666 mina
271 607 443 685 Hispaniae,
465 608 585 684 Romae,
608 607 725 684 Italiae,
748 626 826 682 quae
848 607 998 666 versiones
1019 607 1186 666 nonnullae

172 697 360 774 praesulibus
383 697 471 756 modo
492 696 727 756 commemoratis
746 695 920 755 inscribunt.
956 695 1188 754 Provinciarum

172 786 294 846 nomina
307 786 389 846 varie
403 785 562 862 provinciis
578 785 789 845 inscribuntur.
821 784 951 856 Nomina
964 787 1087 844 tantum
1100 785 1188 844 velut

173 875 389 952 Παλαιστίνης,
414 873 572 952 Φοινίκης,
600 874 714 954 Συρίας
735 872 847 951 Κοίλης
869 877 928 933 ari.
950 874 1063 932 habent
1086 873 1118 930 H
1139 873 1188 930 111

172 965 201 1021 V
223 965 298 1024 vm
320 964 375 1039 lx,
402 963 572 1038 provinciae
594 963 797 1038 Palaestinae,
819 963 989 1038 provinciae
1011 962 1188 1036 Phoenices,

172 1052 342 1129 provinciae
371 1051 475 1127 Syriae
503 1050 605 1112 Coeles
634 1055 688 1112 etc.
716 1052 850 1112 scribunt
873 1051 889 1110 I
911 1052 955 1110 IV
977 1051 1032 1126 X13
1062 1049 1190 1127 Coptica

173 1145 204 1200 et
223 1141 310 1216 Syria
327 1140 605 1216 Menophysitarum
626 1141 775 1202 versiones
798 1160 956 1200 numerum
977 1139 1190 1216 episcoporum

174 1230 266 1289 etiam
284 1229 427 1288 adiciunt.
469 1229 551 1298 Quae
571 1229 670 1290 omnia
688 1230 879 1290 librariorum
897 1229 1104 1289 additamenta
1124 1247 1189 1288 esse

174 1319 323 1378 videntur.
368 1318 404 1376 In
431 1317 530 1378 codiee
560 1319 720 1395 archetypo
749 1313 925 1394 ‘provincia'
952 1337 1024 1378 voce
1053 1321 1189 1394 praetcr-

173 1408 264 1467 missa
286 1407 408 1467 nomina
431 1409 549 1476 tantum
570 1408 791 1483 provinciarum
813 1408 905 1468 fuisse
929 1407 1073 1466 existimo.

263 1497 379 1555 Nomen
404 1494 556 1555 Cordubae
578 1499 697 1572 praeter
719 1496 842 1556 Latinas
866 1499 896 1556 et
919 1497 1078 1556 orientales
1102 1515 1189 1572 prae·

174 1585 247 1644 beut
271 1585 428 1645 versiones.
474 1585 582 1644 Forma
605 1585 700 1662 igitur
723 1583 837 1645 Graeca
858 1583 1045 1665 Κοδρούβης,
1068 1585 1189 1644 etiamsi

175 1678 207 1734 et
221 1675 356 1734 Socrates
371 1674 386 1732 I
403 1675 504 1749 13,12
519 1673 717 1754 Κουδρούβης
732 1675 850 1750 habeat,
868 1674 1017 1734 reicienda
1031 1677 1085 1733 est.
1122 1675 1189 1732 Iam

176 1763 337 1824 difficultas
361 1763 458 1822 oritur
480 1783 516 1822 ex
535 1763 654 1823 nomine
672 1763 779 1840 prioris
798 1763 926 1824 Romani
943 1763 1045 1841 legati.
1082 1763 1190 1822 Victor

175 1854 257 1930 quod
278 1872 386 1913 nomen
404 1853 419 1910 I
441 1852 472 1910 Π
494 1853 541 1911 ΠΙ
562 1853 707 1929 praebent
729 1853 854 1913 fortasse
876 1871 980 1913 verum
998 1851 1056 1911 viri
1078 1871 1189 1911 nomen

176 1946 229 2002 cst.
267 1942 310 2002 At
328 1942 354 2002 si
372 1942 417 2000 ita
435 1944 489 2016 est,
507 1942 623 2001 librarii
636 1942 739 2002 Latini
757 1941 885 2002 indicem
902 1941 1002 2018 ipsum
1016 1941 1188 2000 emendasse

176 2031 322 2090 videntur.
363 2031 444 2088 Nam
460 2031 505 2087 IV
523 2031 550 2086 V
574 2034 605 2089 et
628 2031 787 2090 orientales
811 2048 910 2090 omnes
934 2025 1066 2107 (praeter
1083 2029 1188 2089 Arme·

176 2119 260 2178 nium
286 2121 394 2177 testem
421 2118 506 2177 cuius
530 2119 635 2194 optimi
660 2119 730 2177 libri
752 2119 878 2179 formam
900 2119 1007 2178 Bilrtor
1029 2116 1188 2196 praebent)

177 2208 304 2266 formam
330 2206 423 2264 Biton
449 2206 531 2265 varie
561 2210 732 2283 corruptam
761 2208 906 2267 exhibent.
953 2207 1035 2277 Quae
1063 2225 1132 2267 oum
1160 2211 1189 2268 et

178 2295 257 2372 apud
272 2294 425 2354 Socratem
438 2297 527 2370 extet,
540 2295 710 2371 recipienda
724 2315 787 2356 esse
800 2297 927 2357 videtur,
956 2295 1189 2373 subscriptionis

177 2385 269 2444 verba
291 2383 460 2444 nominibus
483 2385 651 2462 legatorum
674 2386 776 2445 addita
799 2405 867 2446 oum
889 2386 920 2444 in
942 2385 958 2444 Ι
980 2385 1012 2444 Π
1033 2386 1061 2443 V
1083 2386 1127 2445 IX
1148 2386 1192 2444 XI

178 2475 275 2534 desint
297 2473 461 2534 omittenda
484 2492 546 2533 esse
570 2474 678 2533 censui.

235 2607 238 2614 .
266 2564 302 2622 In
334 2561 506 2622 edomanda
532 2563 686 2639 provincia
714 2564 853 2640 Aegypto
885 2563 922 2622 ab
952 2563 1090 2624 omnibus
1121 2565 1189 2623 aliis

178 2651 363 2722 versionibus
390 2669 510 2728 prorsus
538 2651 650 2710 recedit
677 2655 831 2712 contextus
860 2651 1008 2728 Coptious.
1054 2651 1191 2712 Primum

177 2740 382 2800 Alexandrum
399 2740 598 2800 Alexandriae
622 2760 640 2800 a
659 2741 763 2800 ceteris
782 2740 914 2818 Aegypti
935 2741 1121 2817 praesulibus
1145 2760 1189 2801 se-

179 2829 281 2904 cernit,
300 2831 470 2904 separatam
482 2829 681 2889 Alexandriae
694 2830 879 2906 provinciam
895 2831 1087 2890 constituens.
1125 2831 1191 2890 Hoc

179 2921 283 2978 contra
301 2918 431 2976 auctoris
449 2919 636 2994 propositum
652 2919 765 2979 factum
783 2923 835 2995 est,
854 2919 907 2996 qui
922 2920 1095 2995 praesulum
1107 2919 1190 2995 prin-

179 3008 258 3084 cipes
282 3026 300 3066 a
322 3005 457 3082 synodici
485 3007 627 3084 scriptore
654 3009 686 3067 in
709 3004 806 3084 capite
829 3008 923 3068 totius
946 3008 1052 3068 indicis
1075 3009 1191 3084 positos

178 3097 275 3173 primo
298 3114 370 3156 suae
393 3095 562 3171 provinciae
585 3097 650 3156 loeo
673 3097 781 3174 posuit.
818 3097 896 3156 Dein
914 3097 1046 3174 Aegypti
1065 3101 1096 3156 et
1115 3097 1191 3156 The-

178 3185 276 3244 baidis
304 3185 456 3260 episcopos
481 3185 602 3261 Ooptita
629 3205 689 3246 non
718 3187 865 3247 discernit.
910 3185 1029 3246 Novum
1057 3185 1192 3246 ordinem

181 3275 351 3334 antistitum
374 3292 509 3350 novaque
532 3275 653 3334 nomina
675 3275 773 3334 habet.
813 3276 849 3333 In
873 3275 1009 3334 omnibus
1033 3275 1101 3334 aliis
1124 3295 1190 3334 ver-

181 3362 312 3422 sionibus
336 3362 482 3422 Thmueos
511 3363 664 3439 episcopus
691 3362 795 3438 Gaius,
823 3364 855 3421 in
878 3363 1000 3439 (loptioo
1029 3365 1192 3440 exemplari

181 3451 316 3510 Tiberius
338 3452 519 3511 nominatur.
557 3450 631 3510 Gaio
650 3471 720 3511 vero
742 3451 802 3510 alia
820 3451 889 3511 urbs
908 3471 926 3511 a
945 3452 1048 3511 ceteris
1068 3453 1192 3512 omissa:

182 3538 301 3615 Panyos
325 3539 521 3600 adiudicatur.
566 3539 676 3615 Sponte
700 3540 884 3600 concedimus
906 3540 1055 3600 hominem
1078 3541 1192 3619 indige·
