<?xml version="1.0" encoding="UTF-8"?>
<!DOCTYPE html PUBLIC "-//W3C//DTD XHTML 1.0 Transitional//EN"
    "http://www.w3.org/TR/xhtml1/DTD/xhtml1-transitional.dtd">
<html xmlns="http://www.w3.org/1999/xhtml" xml:lang="en" lang="en">
 <head>
  <title>
</title>
<meta http-equiv="Content-Type" content="text/html;charset=utf-8" />
  <meta name='ocr-system' content='tesseract 3.04.00' />
  <meta name='ocr-capabilities' content='ocr_page ocr_carea ocr_par ocr_line ocrx_word'/>
</head>
<body>
  <div class='ocr_page' id='page_1' title='image "./scriptoressacri00unkngoog_0051.png"; bbox 0 0 2596 3932; ppageno 0'>
   <div class='ocr_carea' id='block_1_1' title="bbox 172 149 1127 217">
    <p class='ocr_par' dir='ltr' id='par_1_1' title="bbox 172 149 1127 217">
     <span class='ocr_line' id='line_1_1' title="bbox 172 149 1127 217; baseline -0.004 -7"><span class='ocrx_word' id='word_1_1' title='bbox 172 155 245 210; x_wconf 87' lang='lat' dir='ltr'><strong>XLII</strong></span> <span class='ocrx_word' id='word_1_2' title='bbox 282 153 428 210; x_wconf 78' lang='lat' dir='ltr'>CARVII.</span> <span class='ocrx_word' id='word_1_3' title='bbox 455 152 503 206; x_wconf 81' lang='lat' dir='ltr'>DE</span> <span class='ocrx_word' id='word_1_4' title='bbox 521 151 683 208; x_wconf 82' lang='lat' dir='ltr'><strong>RATIONE</strong></span> <span class='ocrx_word' id='word_1_5' title='bbox 703 149 800 217; x_wconf 72' lang='lat' dir='ltr'><strong>QUAE</strong></span> <span class='ocrx_word' id='word_1_6' title='bbox 820 149 932 206; x_wconf 82' lang='lat' dir='ltr'>INTER</span> <span class='ocrx_word' id='word_1_7' title='bbox 950 151 1127 207; x_wconf 81' lang='lat' dir='ltr'>SINGULAS</span> 
     </span>
    </p>
   </div>
   <div class='ocr_carea' id='block_1_2' title="bbox 172 315 1188 576">
    <p class='ocr_par' dir='ltr' id='par_1_2' title="bbox 172 315 1188 576">
     <span class='ocr_line' id='line_1_2' title="bbox 173 315 1188 397; baseline -0.002 -17"><span class='ocrx_word' id='word_1_8' title='bbox 173 319 362 382; x_wconf 73' lang='lat' dir='ltr'>‘Academius</span> <span class='ocrx_word' id='word_1_9' title='bbox 397 319 588 381; x_wconf 87' lang='lat' dir='ltr'>Mortinensis</span> <span class='ocrx_word' id='word_1_10' title='bbox 623 315 786 396; x_wconf 88' lang='lat' dir='ltr'>Paporum&#39;</span> <span class='ocrx_word' id='word_1_11' title='bbox 820 320 987 397; x_wconf 84' lang='lat' dir='ltr'>Polycarpo</span> <span class='ocrx_word' id='word_1_12' title='bbox 1023 320 1188 395; x_wconf 87' lang='lat' dir='ltr'>praecedit.</span> 
     </span>
     <span class='ocr_line' id='line_1_3' title="bbox 172 407 1188 488; baseline -0.003 -19"><span class='ocrx_word' id='word_1_13' title='bbox 172 412 288 470; x_wconf 92' lang='lat' dir='ltr'>Nomen</span> <span class='ocrx_word' id='word_1_14' title='bbox 319 409 414 488; x_wconf 87' lang='lat' dir='ltr'>igitur</span> <span class='ocrx_word' id='word_1_15' title='bbox 441 411 536 487; x_wconf 88' lang='lat' dir='ltr'>urbis,</span> <span class='ocrx_word' id='word_1_16' title='bbox 568 412 603 468; x_wconf 89' lang='lat' dir='ltr'>ut</span> <span class='ocrx_word' id='word_1_17' title='bbox 628 409 720 468; x_wconf 89' lang='lat' dir='ltr'>moris</span> <span class='ocrx_word' id='word_1_18' title='bbox 748 413 793 468; x_wconf 91' lang='lat' dir='ltr'>est</span> <span class='ocrx_word' id='word_1_19' title='bbox 819 408 942 469; x_wconf 90' lang='lat' dir='ltr'>librario</span> <span class='ocrx_word' id='word_1_20' title='bbox 970 407 1103 467; x_wconf 88' lang='lat' dir='ltr'>familiae</span> <span class='ocrx_word' id='word_1_21' title='bbox 1131 407 1188 484; x_wconf 72' lang='grc' dir='ltr'>ΠΙ,</span> 
     </span>
     <span class='ocr_line' id='line_1_4' title="bbox 172 497 1187 576; baseline -0.002 -18"><span class='ocrx_word' id='word_1_22' title='bbox 172 520 209 558; x_wconf 82' lang='lat' dir='ltr'>ex</span> <span class='ocrx_word' id='word_1_23' title='bbox 239 499 337 575; x_wconf 85' lang='lat' dir='ltr'>priore</span> <span class='ocrx_word' id='word_1_24' title='bbox 369 503 401 559; x_wconf 90' lang='lat' dir='ltr'>et</span> <span class='ocrx_word' id='word_1_25' title='bbox 433 501 528 559; x_wconf 89' lang='lat' dir='ltr'>altero</span> <span class='ocrx_word' id='word_1_26' title='bbox 560 499 766 558; x_wconf 89' lang='lat' dir='ltr'>recensionum</span> <span class='ocrx_word' id='word_1_27' title='bbox 797 517 903 576; x_wconf 82' lang='lat' dir='ltr'>genere</span> <span class='ocrx_word' id='word_1_28' title='bbox 936 497 1100 557; x_wconf 87' lang='lat' dir='ltr'>conflatum</span> <span class='ocrx_word' id='word_1_29' title='bbox 1132 500 1187 557; x_wconf 89' lang='lat' dir='ltr'>est.</span> 
     </span>
    </p>
   </div>
   <div class='ocr_carea' id='block_1_3' title="bbox 175 583 1280 664">
    <p class='ocr_par' dir='ltr' id='par_1_3' title="bbox 175 583 1280 664">
     <span class='ocr_line' id='line_1_5' title="bbox 175 583 1280 664; baseline 0 -16"><span class='ocrx_word' id='word_1_30' title='bbox 175 587 297 664; x_wconf 78' lang='lat' dir='ltr'>Coptica</span> <span class='ocrx_word' id='word_1_31' title='bbox 324 607 394 649; x_wconf 87' lang='lat' dir='ltr'>vero</span> <span class='ocrx_word' id='word_1_32' title='bbox 421 589 532 663; x_wconf 84' lang='lat' dir='ltr'>versio,</span> <span class='ocrx_word' id='word_1_33' title='bbox 564 587 750 647; x_wconf 87' lang='lat' dir='ltr'>consentiens</span> <span class='ocrx_word' id='word_1_34' title='bbox 778 607 845 646; x_wconf 93' lang='lat' dir='ltr'>cum</span> <span class='ocrx_word' id='word_1_35' title='bbox 871 587 987 646; x_wconf 88' lang='lat' dir='ltr'>familia</span> <span class='ocrx_word' id='word_1_36' title='bbox 1014 587 1073 661; x_wconf 84' lang='lat'>111,</span> <span class='ocrx_word' id='word_1_37' title='bbox 1105 583 1187 664; x_wconf 83' lang='lat' dir='ltr'>Aga·</span> <span class='ocrx_word' id='word_1_38' title='bbox 1279 635 1280 648; x_wconf 64' lang='grc'>,</span> 
     </span>
    </p>
   </div>
   <div class='ocr_carea' id='block_1_4' title="bbox 171 675 1188 1021">
    <p class='ocr_par' dir='ltr' id='par_1_4' title="bbox 171 675 1188 1021">
     <span class='ocr_line' id='line_1_6' title="bbox 171 675 1187 753; baseline -0.001 -17"><span class='ocrx_word' id='word_1_39' title='bbox 171 675 319 753; x_wconf 83' lang='lat' dir='ltr'>thymium</span> <span class='ocrx_word' id='word_1_40' title='bbox 341 678 538 738; x_wconf 77' lang='lat' dir='ltr'>Amordianes</span> <span class='ocrx_word' id='word_1_41' title='bbox 560 678 728 753; x_wconf 83' lang='lat' dir='ltr'>Polycarpo</span> <span class='ocrx_word' id='word_1_42' title='bbox 750 675 866 753; x_wconf 89' lang='lat' dir='ltr'>praeire</span> <span class='ocrx_word' id='word_1_43' title='bbox 889 676 975 752; x_wconf 85' lang='lat' dir='ltr'>facit,</span> <span class='ocrx_word' id='word_1_44' title='bbox 1002 675 1092 734; x_wconf 87' lang='lat' dir='ltr'>tertio</span> <span class='ocrx_word' id='word_1_45' title='bbox 1115 693 1187 736; x_wconf 88' lang='lat' dir='ltr'>vero</span> 
     </span>
     <span class='ocr_line' id='line_1_7' title="bbox 172 765 1188 842; baseline -0.002 -17"><span class='ocrx_word' id='word_1_46' title='bbox 172 767 237 825; x_wconf 90' lang='lat' dir='ltr'>loeo</span> <span class='ocrx_word' id='word_1_47' title='bbox 256 765 451 826; x_wconf 83' lang='lat' dir='ltr'>Academium</span> <span class='ocrx_word' id='word_1_48' title='bbox 468 767 619 842; x_wconf 90' lang='lat' dir='ltr'>Paporum</span> <span class='ocrx_word' id='word_1_49' title='bbox 641 765 740 841; x_wconf 86' lang='lat' dir='ltr'>habet,</span> <span class='ocrx_word' id='word_1_50' title='bbox 762 765 807 824; x_wconf 90' lang='lat' dir='ltr'>ita</span> <span class='ocrx_word' id='word_1_51' title='bbox 824 768 861 824; x_wconf 89' lang='lat' dir='ltr'>ut</span> <span class='ocrx_word' id='word_1_52' title='bbox 879 765 933 842; x_wconf 89' lang='lat' dir='ltr'>qui</span> <span class='ocrx_word' id='word_1_53' title='bbox 951 783 1030 824; x_wconf 93' lang='lat' dir='ltr'>unus</span> <span class='ocrx_word' id='word_1_54' title='bbox 1047 765 1188 840; x_wconf 82' lang='lat' dir='ltr'>idemque</span> 
     </span>
     <span class='ocr_line' id='line_1_8' title="bbox 171 853 1188 932; baseline -0.002 -18"><span class='ocrx_word' id='word_1_55' title='bbox 171 857 292 932; x_wconf 89' lang='lat' dir='ltr'>praesul</span> <span class='ocrx_word' id='word_1_56' title='bbox 316 859 369 932; x_wconf 80' lang='lat' dir='ltr'>est,</span> <span class='ocrx_word' id='word_1_57' title='bbox 392 875 446 932; x_wconf 92' lang='lat' dir='ltr'>pro</span> <span class='ocrx_word' id='word_1_58' title='bbox 470 855 584 915; x_wconf 90' lang='lat' dir='ltr'>duobus</span> <span class='ocrx_word' id='word_1_59' title='bbox 606 858 786 914; x_wconf 82' lang='lat' dir='ltr'><strong>numeretur.</strong></span> <span class='ocrx_word' id='word_1_60' title='bbox 826 855 1022 930; x_wconf 79' lang='lat' dir='ltr'><strong>Pamphyliae</strong></span> <span class='ocrx_word' id='word_1_61' title='bbox 1045 853 1116 912; x_wconf 91' lang='lat' dir='ltr'>urbs</span> <span class='ocrx_word' id='word_1_62' title='bbox 1138 853 1188 912; x_wconf 90' lang='lat' dir='ltr'>cui</span> 
     </span>
     <span class='ocr_line' id='line_1_9' title="bbox 172 942 1186 1021; baseline -0.001 -18"><span class='ocrx_word' id='word_1_63' title='bbox 172 945 299 1004; x_wconf 87' lang='lat' dir='ltr'>Zeuxius</span> <span class='ocrx_word' id='word_1_64' title='bbox 331 945 486 1021; x_wconf 91' lang='lat' dir='ltr'>episcopus</span> <span class='ocrx_word' id='word_1_65' title='bbox 518 948 637 1020; x_wconf 86' lang='lat' dir='ltr'>praeest</span> <span class='ocrx_word' id='word_1_66' title='bbox 669 943 784 1020; x_wconf 83' lang='lat' dir='ltr'>Syarba</span> <span class='ocrx_word' id='word_1_67' title='bbox 819 943 851 1001; x_wconf 91' lang='lat' dir='ltr'>in</span> <span class='ocrx_word' id='word_1_68' title='bbox 885 943 983 1020; x_wconf 86' lang='lat' dir='ltr'>priore</span> <span class='ocrx_word' id='word_1_69' title='bbox 1014 942 1186 1002; x_wconf 80' lang='lat' dir='ltr'>recensione</span> 
     </span>
    </p>
   </div>
   <div class='ocr_carea' id='block_1_5' title="bbox 171 1031 1282 1110">
    <p class='ocr_par' dir='ltr' id='par_1_5' title="bbox 171 1031 1282 1110">
     <span class='ocr_line' id='line_1_10' title="bbox 171 1031 1282 1110; baseline -0.014 -15"><span class='ocrx_word' id='word_1_70' title='bbox 171 1035 355 1110; x_wconf 60' lang='lat' dir='ltr'>appellatum</span> <span class='ocrx_word' id='word_1_71' title='bbox 379 1033 423 1092; x_wconf 90' lang='lat' dir='ltr'>IV</span> <span class='ocrx_word' id='word_1_72' title='bbox 440 1033 531 1092; x_wconf 88' lang='lat' dir='ltr'>hebet</span> <span class='ocrx_word' id='word_1_73' title='bbox 550 1033 677 1092; x_wconf 85' lang='lat' dir='ltr'>Zeuxius</span> <span class='ocrx_word' id='word_1_74' title='bbox 694 1032 812 1109; x_wconf 81' lang='lat' dir='ltr'>Uerbis,</span> <span class='ocrx_word' id='word_1_75' title='bbox 830 1032 877 1090; x_wconf 94' lang='grc' dir='ltr'>ΙΠ</span> <span class='ocrx_word' id='word_1_76' title='bbox 896 1031 1022 1091; x_wconf 84' lang='lat' dir='ltr'>Zeuxius</span> <span class='ocrx_word' id='word_1_77' title='bbox 1038 1031 1186 1091; x_wconf 87' lang='lat' dir='ltr'>Berboni·</span> <span class='ocrx_word' id='word_1_78' title='bbox 1281 1077 1282 1080; x_wconf 74' lang='grc'>,</span> 
     </span>
    </p>
   </div>
   <div class='ocr_carea' id='block_1_6' title="bbox 169 1120 1187 1642">
    <p class='ocr_par' dir='ltr' id='par_1_6' title="bbox 169 1120 1187 1466">
     <span class='ocr_line' id='line_1_11' title="bbox 169 1120 1186 1198; baseline 0.001 -18"><span class='ocrx_word' id='word_1_79' title='bbox 169 1127 260 1181; x_wconf 88' lang='lat' dir='ltr'>tanus</span> <span class='ocrx_word' id='word_1_80' title='bbox 283 1123 319 1181; x_wconf 91' lang='lat' dir='ltr'>de</span> <span class='ocrx_word' id='word_1_81' title='bbox 339 1121 465 1198; x_wconf 86' lang='lat' dir='ltr'>Syarino</span> <span class='ocrx_word' id='word_1_82' title='bbox 485 1155 527 1163; x_wconf 96' lang='lat'>—-</span> <span class='ocrx_word' id='word_1_83' title='bbox 546 1121 655 1180; x_wconf 89' lang='lat' dir='ltr'>iterum</span> <span class='ocrx_word' id='word_1_84' title='bbox 677 1121 785 1198; x_wconf 89' lang='lat' dir='ltr'>prioris</span> <span class='ocrx_word' id='word_1_85' title='bbox 809 1123 839 1180; x_wconf 89' lang='lat' dir='ltr'>et</span> <span class='ocrx_word' id='word_1_86' title='bbox 859 1121 982 1180; x_wconf 84' lang='lat' dir='ltr'>alterius</span> <span class='ocrx_word' id='word_1_87' title='bbox 1004 1120 1186 1181; x_wconf 79' lang='lat' dir='ltr'>recensionis</span> 
     </span>
     <span class='ocr_line' id='line_1_12' title="bbox 170 1209 1187 1285; baseline -0.001 -16"><span class='ocrx_word' id='word_1_88' title='bbox 170 1211 292 1271; x_wconf 92' lang='lat' dir='ltr'>nomina</span> <span class='ocrx_word' id='word_1_89' title='bbox 315 1211 518 1270; x_wconf 87' lang='lat' dir='ltr'>contaminata</span> <span class='ocrx_word' id='word_1_90' title='bbox 541 1213 618 1270; x_wconf 86' lang='lat' dir='ltr'>sunt.</span> <span class='ocrx_word' id='word_1_91' title='bbox 633 1243 676 1252; x_wconf 93' lang='lat'>-</span> <span class='ocrx_word' id='word_1_92' title='bbox 691 1209 771 1270; x_wconf 80' lang='lat' dir='ltr'>Satis</span> <span class='ocrx_word' id='word_1_93' title='bbox 794 1210 902 1268; x_wconf 90' lang='lat' dir='ltr'>mirum</span> <span class='ocrx_word' id='word_1_94' title='bbox 925 1213 970 1270; x_wconf 89' lang='lat' dir='ltr'>est</span> <span class='ocrx_word' id='word_1_95' title='bbox 990 1209 1070 1285; x_wconf 91' lang='lat' dir='ltr'>quod</span> <span class='ocrx_word' id='word_1_96' title='bbox 1088 1211 1187 1268; x_wconf 88' lang='lat' dir='ltr'>forma</span> 
     </span>
     <span class='ocr_line' id='line_1_13' title="bbox 172 1295 1184 1376; baseline 0 -18"><span class='ocrx_word' id='word_1_97' title='bbox 172 1295 295 1358; x_wconf 75' lang='lat' dir='ltr'>‘Uerba&#39;</span> <span class='ocrx_word' id='word_1_98' title='bbox 321 1303 351 1358; x_wconf 89' lang='lat' dir='ltr'>et</span> <span class='ocrx_word' id='word_1_99' title='bbox 372 1299 404 1358; x_wconf 91' lang='lat' dir='ltr'>in</span> <span class='ocrx_word' id='word_1_100' title='bbox 424 1300 510 1376; x_wconf 80' lang='lat' dir='ltr'>Syrio</span> <span class='ocrx_word' id='word_1_101' title='bbox 533 1299 629 1358; x_wconf 90' lang='lat' dir='ltr'>indice</span> <span class='ocrx_word' id='word_1_102' title='bbox 647 1300 723 1358; x_wconf 90' lang='lat' dir='ltr'><strong>VIII</strong></span> <span class='ocrx_word' id='word_1_103' title='bbox 746 1302 837 1373; x_wconf 83' lang='lat' dir='ltr'>extet,</span> <span class='ocrx_word' id='word_1_104' title='bbox 860 1299 914 1374; x_wconf 91' lang='lat' dir='ltr'>qui</span> <span class='ocrx_word' id='word_1_105' title='bbox 936 1298 1004 1357; x_wconf 90' lang='lat' dir='ltr'>aliis</span> <span class='ocrx_word' id='word_1_106' title='bbox 1027 1297 1100 1358; x_wconf 88' lang='lat' dir='ltr'>loeis</span> <span class='ocrx_word' id='word_1_107' title='bbox 1121 1299 1184 1358; x_wconf 85' lang='lat' dir='ltr'>fere</span> 
     </span>
     <span class='ocr_line' id='line_1_14' title="bbox 171 1388 906 1466; baseline -0.004 -18"><span class='ocrx_word' id='word_1_108' title='bbox 171 1388 284 1465; x_wconf 89' lang='lat' dir='ltr'>ubique</span> <span class='ocrx_word' id='word_1_109' title='bbox 306 1389 414 1464; x_wconf 89' lang='lat' dir='ltr'>prioris</span> <span class='ocrx_word' id='word_1_110' title='bbox 437 1389 616 1449; x_wconf 84' lang='lat' dir='ltr'>recensionis</span> <span class='ocrx_word' id='word_1_111' title='bbox 638 1388 767 1466; x_wconf 83' lang='lat' dir='ltr'>vestigia</span> <span class='ocrx_word' id='word_1_112' title='bbox 789 1389 906 1464; x_wconf 90' lang='lat' dir='ltr'>premit.</span> 
     </span>
    </p>

    <p class='ocr_par' dir='ltr' id='par_1_7' title="bbox 170 1475 1185 1642">
     <span class='ocr_line' id='line_1_15' title="bbox 259 1475 1185 1538; baseline -0.002 -2"><span class='ocrx_word' id='word_1_113' title='bbox 259 1478 349 1536; x_wconf 88' lang='lat' dir='ltr'>Haud</span> <span class='ocrx_word' id='word_1_114' title='bbox 375 1479 440 1538; x_wconf 88' lang='lat' dir='ltr'>levo</span> <span class='ocrx_word' id='word_1_115' title='bbox 467 1480 651 1538; x_wconf 90' lang='lat' dir='ltr'>momentum</span> <span class='ocrx_word' id='word_1_116' title='bbox 677 1478 716 1535; x_wconf 89' lang='lat' dir='ltr'>ad</span> <span class='ocrx_word' id='word_1_117' title='bbox 742 1495 806 1535; x_wconf 91' lang='lat' dir='ltr'>rem</span> <span class='ocrx_word' id='word_1_118' title='bbox 832 1475 1054 1535; x_wconf 88' lang='lat' dir='ltr'>diiudicandam</span> <span class='ocrx_word' id='word_1_119' title='bbox 1081 1479 1112 1535; x_wconf 89' lang='lat' dir='ltr'>et</span> <span class='ocrx_word' id='word_1_120' title='bbox 1139 1475 1185 1534; x_wconf 94' lang='lat' dir='ltr'>in·</span> 
     </span>
     <span class='ocr_line' id='line_1_16' title="bbox 170 1563 1185 1642; baseline 0.001 -18"><span class='ocrx_word' id='word_1_121' title='bbox 170 1567 305 1625; x_wconf 90' lang='lat' dir='ltr'>sularum</span> <span class='ocrx_word' id='word_1_122' title='bbox 331 1567 420 1625; x_wconf 84' lang='lat' dir='ltr'>index</span> <span class='ocrx_word' id='word_1_123' title='bbox 443 1567 537 1626; x_wconf 87' lang='lat' dir='ltr'>affert.</span> <span class='ocrx_word' id='word_1_124' title='bbox 584 1565 712 1636; x_wconf 82' lang='lat' dir='ltr'>Quartus</span> <span class='ocrx_word' id='word_1_125' title='bbox 737 1563 881 1641; x_wconf 78' lang='lat' dir='ltr'>Corcyrae</span> <span class='ocrx_word' id='word_1_126' title='bbox 906 1565 1061 1642; x_wconf 91' lang='lat' dir='ltr'>episcopus</span> <span class='ocrx_word' id='word_1_127' title='bbox 1084 1584 1185 1625; x_wconf 86' lang='lat' dir='ltr'>reeen-</span> 
     </span>
    </p>
   </div>
   <div class='ocr_carea' id='block_1_7' title="bbox 169 1653 1186 1822">
    <p class='ocr_par' dir='ltr' id='par_1_8' title="bbox 169 1653 1186 1822">
     <span class='ocr_line' id='line_1_17' title="bbox 170 1653 1186 1732; baseline 0 -18"><span class='ocrx_word' id='word_1_128' title='bbox 170 1657 253 1714; x_wconf 90' lang='lat' dir='ltr'>setur</span> <span class='ocrx_word' id='word_1_129' title='bbox 282 1656 329 1714; x_wconf 90' lang='lat' dir='ltr'>cui</span> <span class='ocrx_word' id='word_1_130' title='bbox 358 1676 465 1716; x_wconf 91' lang='lat' dir='ltr'>nomen</span> <span class='ocrx_word' id='word_1_131' title='bbox 493 1655 675 1732; x_wconf 87' lang='lat' dir='ltr'>Apollodoro</span> <span class='ocrx_word' id='word_1_132' title='bbox 707 1654 868 1714; x_wconf 91' lang='lat' dir='ltr'>secundum</span> <span class='ocrx_word' id='word_1_133' title='bbox 899 1655 991 1713; x_wconf 88' lang='lat' dir='ltr'>libros</span> <span class='ocrx_word' id='word_1_134' title='bbox 1021 1653 1053 1712; x_wconf 88' lang='lat' dir='ltr'>H</span> <span class='ocrx_word' id='word_1_135' title='bbox 1081 1657 1112 1712; x_wconf 90' lang='lat' dir='ltr'>et</span> <span class='ocrx_word' id='word_1_136' title='bbox 1138 1655 1186 1714; x_wconf 92' lang='lat' dir='ltr'>HI</span> 
     </span>
     <span class='ocr_line' id='line_1_18' title="bbox 169 1742 1185 1822; baseline 0.002 -20"><span class='ocrx_word' id='word_1_137' title='bbox 169 1744 361 1804; x_wconf 85' lang='lat' dir='ltr'>familiarum.</span> <span class='ocrx_word' id='word_1_138' title='bbox 397 1746 413 1804; x_wconf 98' lang='grc' dir='ltr'>Ι</span> <span class='ocrx_word' id='word_1_139' title='bbox 430 1746 522 1804; x_wconf 89' lang='lat' dir='ltr'>habet</span> <span class='ocrx_word' id='word_1_140' title='bbox 539 1743 706 1822; x_wconf 86' lang='lat' dir='ltr'>alpador0s‚</span> <span class='ocrx_word' id='word_1_141' title='bbox 724 1747 785 1803; x_wconf 88' lang='lat' dir='ltr'>tres</span> <span class='ocrx_word' id='word_1_142' title='bbox 801 1743 934 1802; x_wconf 86' lang='lat' dir='ltr'>familiae</span> <span class='ocrx_word' id='word_1_143' title='bbox 947 1743 979 1801; x_wconf 94' lang='grc' dir='ltr'>Π</span> <span class='ocrx_word' id='word_1_144' title='bbox 991 1742 1061 1802; x_wconf 90' lang='lat' dir='ltr'>libri</span> <span class='ocrx_word' id='word_1_145' title='bbox 1080 1743 1185 1819; x_wconf 87' lang='lat' dir='ltr'>alpho-</span> 
     </span>
    </p>
   </div>
   <div class='ocr_carea' id='block_1_8' title="bbox 168 1827 1284 1913">
    <p class='ocr_par' dir='ltr' id='par_1_9' title="bbox 168 1827 1284 1913">
     <span class='ocr_line' id='line_1_19' title="bbox 168 1827 1284 1913; baseline 0 -20"><span class='ocrx_word' id='word_1_146' title='bbox 168 1835 266 1910; x_wconf 90' lang='lat' dir='ltr'>dorcs,</span> <span class='ocrx_word' id='word_1_147' title='bbox 290 1833 420 1895; x_wconf 83' lang='lat' dir='ltr'>Graecus</span> <span class='ocrx_word' id='word_1_148' title='bbox 439 1837 593 1894; x_wconf 83' lang='lat' dir='ltr'>contextus</span> <span class='ocrx_word' id='word_1_149' title='bbox 612 1830 666 1913; x_wconf 91' lang='lat' dir='ltr'>(V)</span> <span class='ocrx_word' id='word_1_150' title='bbox 687 1827 884 1912; x_wconf 77' lang='grc' dir='ltr'><strong><em>Ἀλιτόδωρος,</em></strong></span> <span class='ocrx_word' id='word_1_151' title='bbox 909 1831 1013 1908; x_wconf 81' lang='lat' dir='ltr'>Syriae</span> <span class='ocrx_word' id='word_1_152' title='bbox 1031 1833 1183 1893; x_wconf 86' lang='lat' dir='ltr'>versiones</span> <span class='ocrx_word' id='word_1_153' title='bbox 1283 1841 1284 1860; x_wconf 36' lang='lat' dir='ltr'>l</span> 
     </span>
    </p>
   </div>
   <div class='ocr_carea' id='block_1_9' title="bbox 168 1915 1184 2178">
    <p class='ocr_par' dir='ltr' id='par_1_10' title="bbox 168 1915 1184 2178">
     <span class='ocr_line' id='line_1_20' title="bbox 169 1915 1183 2003; baseline -0.001 -21"><span class='ocrx_word' id='word_1_154' title='bbox 169 1921 257 2000; x_wconf 82' lang='lat' dir='ltr'><strong>(VIII</strong></span> <span class='ocrx_word' id='word_1_155' title='bbox 285 1927 316 1983; x_wconf 89' lang='lat' dir='ltr'>et</span> <span class='ocrx_word' id='word_1_156' title='bbox 343 1922 398 2003; x_wconf 86' lang='lat' dir='ltr'>IX)</span> <span class='ocrx_word' id='word_1_157' title='bbox 424 1917 608 2001; x_wconf 77' lang='lat' dir='ltr'>’ljtwdwrws</span> <span class='ocrx_word' id='word_1_158' title='bbox 640 1927 670 1982; x_wconf 91' lang='lat' dir='ltr'>et</span> <span class='ocrx_word' id='word_1_159' title='bbox 694 1915 912 2000; x_wconf 56' lang='lat' dir='ltr'>’lgljtwdwrwe</span> <span class='ocrx_word' id='word_1_160' title='bbox 944 1920 1087 1980; x_wconf 82' lang='lat' dir='ltr'>Armenia</span> <span class='ocrx_word' id='word_1_161' title='bbox 1115 1918 1183 2000; x_wconf 87' lang='lat' dir='ltr'><strong>(XI)</strong></span> 
     </span>
     <span class='ocr_line' id='line_1_21' title="bbox 168 2010 1184 2089; baseline 0 -19"><span class='ocrx_word' id='word_1_162' title='bbox 168 2013 357 2088; x_wconf 85' lang='lat' dir='ltr'>Alpodorios.</span> <span class='ocrx_word' id='word_1_163' title='bbox 393 2013 561 2072; x_wconf 89' lang='lat' dir='ltr'>Memoratu</span> <span class='ocrx_word' id='word_1_164' title='bbox 575 2011 698 2089; x_wconf 84' lang='lat' dir='ltr'>dignum</span> <span class='ocrx_word' id='word_1_165' title='bbox 712 2012 757 2070; x_wconf 87' lang='lat' dir='ltr'>est</span> <span class='ocrx_word' id='word_1_166' title='bbox 770 2011 786 2068; x_wconf 95' lang='lat' dir='ltr'><strong>I</strong></span> <span class='ocrx_word' id='word_1_167' title='bbox 800 2013 830 2069; x_wconf 86' lang='lat' dir='ltr'>et</span> <span class='ocrx_word' id='word_1_168' title='bbox 842 2010 885 2068; x_wconf 90' lang='lat' dir='ltr'>XI</span> <span class='ocrx_word' id='word_1_169' title='bbox 903 2010 984 2086; x_wconf 92' lang='lat' dir='ltr'>quod</span> <span class='ocrx_word' id='word_1_170' title='bbox 997 2010 1078 2068; x_wconf 90' lang='lat' dir='ltr'>haud</span> <span class='ocrx_word' id='word_1_171' title='bbox 1092 2012 1184 2070; x_wconf 89' lang='lat' dir='ltr'>semel</span> 
     </span>
     <span class='ocr_line' id='line_1_22' title="bbox 168 2089 1184 2178; baseline 0 -19"><span class='ocrx_word' id='word_1_172' title='bbox 168 2101 278 2160; x_wconf 87' lang='lat' dir='ltr'>accidit</span> <span class='ocrx_word' id='word_1_173' title='bbox 295 2101 374 2161; x_wconf 88' lang='lat' dir='ltr'>inter</span> <span class='ocrx_word' id='word_1_174' title='bbox 392 2121 422 2160; x_wconf 89' lang='lat' dir='ltr'>se</span> <span class='ocrx_word' id='word_1_175' title='bbox 441 2102 619 2178; x_wconf 87' lang='lat' dir='ltr'>conspirare.</span> <span class='ocrx_word' id='word_1_176' title='bbox 660 2100 776 2158; x_wconf 90' lang='lat' dir='ltr'>Nomen</span> <span class='ocrx_word' id='word_1_177' title='bbox 798 2089 1122 2160; x_wconf 74' lang='grc' dir='ltr'>ΑΛΠΟΔωΡΟΟ</span> <span class='ocrx_word' id='word_1_178' title='bbox 1147 2119 1184 2160; x_wconf 83' lang='lat' dir='ltr'>ex</span> 
     </span>
    </p>
   </div>
   <div class='ocr_carea' id='block_1_10' title="bbox 170 2180 1285 2264">
    <p class='ocr_par' dir='ltr' id='par_1_11' title="bbox 170 2180 1285 2264">
     <span class='ocr_line' id='line_1_23' title="bbox 170 2180 1285 2264; baseline -0.001 -15"><span class='ocrx_word' id='word_1_179' title='bbox 170 2180 502 2250; x_wconf 71' lang='grc' dir='ltr'>ΑΛΙΤΟΔωΡΟΟ</span> <span class='ocrx_word' id='word_1_180' title='bbox 532 2191 704 2264; x_wconf 84' lang='lat' dir='ltr'>corruptum</span> <span class='ocrx_word' id='word_1_181' title='bbox 732 2190 785 2247; x_wconf 90' lang='lat' dir='ltr'>est.</span> <span class='ocrx_word' id='word_1_182' title='bbox 830 2189 910 2247; x_wconf 89' lang='lat' dir='ltr'>Vera</span> <span class='ocrx_word' id='word_1_183' title='bbox 935 2188 1063 2247; x_wconf 92' lang='lat' dir='ltr'>nominis</span> <span class='ocrx_word' id='word_1_184' title='bbox 1086 2189 1185 2248; x_wconf 81' lang='lat' dir='ltr'>forma</span> <span class='ocrx_word' id='word_1_185' title='bbox 1284 2255 1285 2262; x_wconf 8' lang='grc' dir='ltr'>ἵ</span> 
     </span>
    </p>
   </div>
   <div class='ocr_carea' id='block_1_11' title="bbox 167 2271 1186 2358">
    <p class='ocr_par' dir='ltr' id='par_1_12' title="bbox 167 2271 1186 2358">
     <span class='ocr_line' id='line_1_24' title="bbox 167 2271 1186 2358; baseline 0 -21"><span class='ocrx_word' id='word_1_186' title='bbox 167 2281 214 2337; x_wconf 87' lang='lat' dir='ltr'>est</span> <span class='ocrx_word' id='word_1_187' title='bbox 226 2271 431 2358; x_wconf 81' lang='grc' dir='ltr'><strong><em>Ἀλητόὸωρος.</em></strong></span> <span class='ocrx_word' id='word_1_188' title='bbox 462 2278 491 2336; x_wconf 90' lang='grc' dir='ltr'><strong>Α</strong></span> <span class='ocrx_word' id='word_1_189' title='bbox 503 2277 641 2337; x_wconf 81' lang='lat' dir='ltr'>veritatis</span> <span class='ocrx_word' id='word_1_190' title='bbox 655 2275 752 2353; x_wconf 90' lang='lat' dir='ltr'>speeie</span> <span class='ocrx_word' id='word_1_191' title='bbox 768 2295 828 2336; x_wconf 92' lang='lat' dir='ltr'>non</span> <span class='ocrx_word' id='word_1_192' title='bbox 843 2277 990 2353; x_wconf 85' lang='lat' dir='ltr'>abhorret,</span> <span class='ocrx_word' id='word_1_193' title='bbox 1004 2277 1083 2354; x_wconf 82' lang='lat' dir='ltr'>regis</span> <span class='ocrx_word' id='word_1_194' title='bbox 1097 2278 1186 2337; x_wconf 88' lang='lat' dir='ltr'>fabu-</span> 
     </span>
    </p>
   </div>
   <div class='ocr_carea' id='block_1_12' title="bbox 167 2365 1285 2444">
    <p class='ocr_par' dir='ltr' id='par_1_13' title="bbox 167 2365 1285 2444">
     <span class='ocr_line' id='line_1_25' title="bbox 167 2365 1285 2444; baseline -0.002 -18"><span class='ocrx_word' id='word_1_195' title='bbox 167 2367 225 2427; x_wconf 93' lang='lat' dir='ltr'>losi</span> <span class='ocrx_word' id='word_1_196' title='bbox 254 2387 342 2444; x_wconf 89' lang='lat' dir='ltr'>quem</span> <span class='ocrx_word' id='word_1_197' title='bbox 372 2367 554 2426; x_wconf 89' lang='lat' dir='ltr'>conditorem</span> <span class='ocrx_word' id='word_1_198' title='bbox 583 2366 666 2426; x_wconf 91' lang='lat' dir='ltr'>urbis</span> <span class='ocrx_word' id='word_1_199' title='bbox 695 2385 757 2426; x_wconf 91' lang='lat' dir='ltr'>esse</span> <span class='ocrx_word' id='word_1_200' title='bbox 786 2365 932 2426; x_wconf 84' lang='lat' dir='ltr'>Corinthii</span> <span class='ocrx_word' id='word_1_201' title='bbox 959 2366 1185 2444; x_wconf 72' lang='lat' dir='ltr'>praedicabant,</span> <span class='ocrx_word' id='word_1_202' title='bbox 1284 2413 1285 2424; x_wconf 67' lang='grc'>,</span> 
     </span>
    </p>
   </div>
   <div class='ocr_carea' id='block_1_13' title="bbox 166 2451 1285 3600">
    <p class='ocr_par' dir='ltr' id='par_1_14' title="bbox 166 2451 1285 2961">
     <span class='ocr_line' id='line_1_26' title="bbox 166 2451 1285 2532; baseline 0.003 -17"><span class='ocrx_word' id='word_1_203' title='bbox 166 2458 274 2516; x_wconf 87' lang='lat' dir='ltr'>Aletae</span> <span class='ocrx_word' id='word_1_204' title='bbox 297 2476 404 2516; x_wconf 90' lang='lat' dir='ltr'>nomen</span> <span class='ocrx_word' id='word_1_205' title='bbox 428 2460 458 2516; x_wconf 88' lang='lat' dir='ltr'>et</span> <span class='ocrx_word' id='word_1_206' title='bbox 479 2456 654 2516; x_wconf 79' lang='lat' dir='ltr'>memoriam</span> <span class='ocrx_word' id='word_1_207' title='bbox 677 2455 758 2532; x_wconf 87' lang='lat' dir='ltr'>apud</span> <span class='ocrx_word' id='word_1_208' title='bbox 778 2454 957 2532; x_wconf 80' lang='lat' dir='ltr'>Corcyraeos</span> <span class='ocrx_word' id='word_1_209' title='bbox 976 2475 1104 2532; x_wconf 83' lang='lat' dir='ltr'>quoque,</span> <span class='ocrx_word' id='word_1_210' title='bbox 1129 2455 1185 2516; x_wconf 89' lang='lat' dir='ltr'>Co·</span> <span class='ocrx_word' id='word_1_211' title='bbox 1284 2451 1285 2518; x_wconf 59' lang='grc' dir='ltr'><em>ἕ</em></span> 
     </span>
     <span class='ocr_line' id='line_1_27' title="bbox 166 2543 1185 2624; baseline 0 -20"><span class='ocrx_word' id='word_1_212' title='bbox 166 2547 346 2608; x_wconf 87' lang='lat' dir='ltr'>rinthiorum</span> <span class='ocrx_word' id='word_1_213' title='bbox 369 2547 501 2621; x_wconf 77' lang='lat' dir='ltr'>coloncS,</span> <span class='ocrx_word' id='word_1_214' title='bbox 528 2545 668 2624; x_wconf 82' lang='lat' dir='ltr'>viguisse.</span> <span class='ocrx_word' id='word_1_215' title='bbox 714 2543 795 2615; x_wconf 80' lang='lat' dir='ltr'>Quae</span> <span class='ocrx_word' id='word_1_216' title='bbox 819 2545 946 2604; x_wconf 88' lang='lat' dir='ltr'>sirecte</span> <span class='ocrx_word' id='word_1_217' title='bbox 969 2563 987 2602; x_wconf 89' lang='lat' dir='ltr'>a</span> <span class='ocrx_word' id='word_1_218' title='bbox 1010 2564 1057 2603; x_wconf 91' lang='lat' dir='ltr'>me</span> <span class='ocrx_word' id='word_1_219' title='bbox 1081 2543 1185 2621; x_wconf 91' lang='lat' dir='ltr'>dispu-</span> 
     </span>
     <span class='ocr_line' id='line_1_28' title="bbox 167 2633 1185 2712; baseline 0 -18"><span class='ocrx_word' id='word_1_220' title='bbox 167 2639 233 2694; x_wconf 89' lang='lat' dir='ltr'>tata</span> <span class='ocrx_word' id='word_1_221' title='bbox 257 2638 338 2712; x_wconf 83' lang='lat' dir='ltr'>sunt,</span> <span class='ocrx_word' id='word_1_222' title='bbox 366 2635 405 2694; x_wconf 87' lang='lat' dir='ltr'>ed</span> <span class='ocrx_word' id='word_1_223' title='bbox 426 2635 611 2711; x_wconf 90' lang='lat' dir='ltr'>probandam</span> <span class='ocrx_word' id='word_1_224' title='bbox 634 2634 742 2710; x_wconf 88' lang='lat' dir='ltr'>prioris</span> <span class='ocrx_word' id='word_1_225' title='bbox 764 2633 942 2692; x_wconf 88' lang='lat' dir='ltr'>recensionis</span> <span class='ocrx_word' id='word_1_226' title='bbox 965 2634 1185 2709; x_wconf 74' lang='lat' dir='ltr'>praestantiam</span> 
     </span>
     <span class='ocr_line' id='line_1_29' title="bbox 168 2722 1185 2802; baseline -0.001 -19"><span class='ocrx_word' id='word_1_227' title='bbox 168 2727 377 2802; x_wconf 77' lang='lat' dir='ltr'>argumentum</span> <span class='ocrx_word' id='word_1_228' title='bbox 399 2743 511 2784; x_wconf 89' lang='lat' dir='ltr'>novum</span> <span class='ocrx_word' id='word_1_229' title='bbox 533 2724 684 2783; x_wconf 91' lang='lat' dir='ltr'>habemus.</span> <span class='ocrx_word' id='word_1_230' title='bbox 726 2723 842 2782; x_wconf 88' lang='lat' dir='ltr'>Nomen</span> <span class='ocrx_word' id='word_1_231' title='bbox 865 2722 945 2781; x_wconf 91' lang='lat' dir='ltr'>enim</span> <span class='ocrx_word' id='word_1_232' title='bbox 966 2741 1068 2780; x_wconf 90' lang='lat' dir='ltr'>rarum</span> <span class='ocrx_word' id='word_1_233' title='bbox 1089 2726 1120 2781; x_wconf 88' lang='lat' dir='ltr'>et</span> <span class='ocrx_word' id='word_1_234' title='bbox 1138 2723 1185 2782; x_wconf 92' lang='lat' dir='ltr'>in·</span> 
     </span>
     <span class='ocr_line' id='line_1_30' title="bbox 167 2810 1185 2887; baseline 0 -15"><span class='ocrx_word' id='word_1_235' title='bbox 167 2813 289 2873; x_wconf 89' lang='lat' dir='ltr'>solitum</span> <span class='ocrx_word' id='word_1_236' title='bbox 311 2813 448 2887; x_wconf 79' lang='lat' dir='ltr'>retinuit3</span> <span class='ocrx_word' id='word_1_237' title='bbox 475 2813 599 2873; x_wconf 88' lang='lat' dir='ltr'>alterius</span> <span class='ocrx_word' id='word_1_238' title='bbox 622 2815 723 2872; x_wconf 88' lang='lat' dir='ltr'>autem</span> <span class='ocrx_word' id='word_1_239' title='bbox 744 2810 924 2872; x_wconf 88' lang='lat' dir='ltr'>recensionis</span> <span class='ocrx_word' id='word_1_240' title='bbox 948 2815 1053 2871; x_wconf 79' lang='lat' dir='ltr'>auctor</span> <span class='ocrx_word' id='word_1_241' title='bbox 1074 2831 1185 2872; x_wconf 89' lang='lat' dir='ltr'>nomen</span> 
     </span>
     <span class='ocr_line' id='line_1_31' title="bbox 167 2903 440 2961; baseline 0.004 -1"><span class='ocrx_word' id='word_1_242' title='bbox 167 2906 279 2961; x_wconf 90' lang='lat' dir='ltr'>temere</span> <span class='ocrx_word' id='word_1_243' title='bbox 302 2903 440 2961; x_wconf 82' lang='lat' dir='ltr'>mutavit.</span> 
     </span>
    </p>

    <p class='ocr_par' dir='ltr' id='par_1_15' title="bbox 168 2989 1186 3600">
     <span class='ocr_line' id='line_1_32' title="bbox 258 2989 1185 3068; baseline 0 -19"><span class='ocrx_word' id='word_1_244' title='bbox 258 2989 371 3060; x_wconf 82' lang='lat' dir='ltr'>Quibus</span> <span class='ocrx_word' id='word_1_245' title='bbox 394 2991 536 3067; x_wconf 84' lang='lat' dir='ltr'>exemplis</span> <span class='ocrx_word' id='word_1_246' title='bbox 559 2991 659 3050; x_wconf 87' lang='lat' dir='ltr'>allatis</span> <span class='ocrx_word' id='word_1_247' title='bbox 681 2990 713 3049; x_wconf 93' lang='lat' dir='ltr'>id</span> <span class='ocrx_word' id='word_1_248' title='bbox 735 2989 809 3048; x_wconf 91' lang='lat' dir='ltr'>mihi</span> <span class='ocrx_word' id='word_1_249' title='bbox 832 2989 1048 3049; x_wconf 89' lang='lat' dir='ltr'>demonstrasse</span> <span class='ocrx_word' id='word_1_250' title='bbox 1071 2989 1185 3068; x_wconf 84' lang='lat' dir='ltr'>videor,</span> 
     </span>
     <span class='ocr_line' id='line_1_33' title="bbox 168 3079 1185 3156; baseline 0 -18"><span class='ocrx_word' id='word_1_251' title='bbox 168 3080 264 3139; x_wconf 88' lang='lat' dir='ltr'>multo</span> <span class='ocrx_word' id='word_1_252' title='bbox 296 3080 439 3139; x_wconf 89' lang='lat' dir='ltr'>maiorem</span> <span class='ocrx_word' id='word_1_253' title='bbox 471 3099 533 3139; x_wconf 90' lang='lat' dir='ltr'>esse</span> <span class='ocrx_word' id='word_1_254' title='bbox 566 3079 672 3156; x_wconf 86' lang='lat' dir='ltr'>prioris</span> <span class='ocrx_word' id='word_1_255' title='bbox 704 3098 797 3156; x_wconf 89' lang='lat' dir='ltr'>quam</span> <span class='ocrx_word' id='word_1_256' title='bbox 829 3080 951 3138; x_wconf 88' lang='lat' dir='ltr'>alterius</span> <span class='ocrx_word' id='word_1_257' title='bbox 977 3079 1185 3138; x_wconf 89' lang='lat' dir='ltr'>recensionum</span> 
     </span>
     <span class='ocr_line' id='line_1_34' title="bbox 169 3167 1186 3247; baseline 0.001 -20"><span class='ocrx_word' id='word_1_258' title='bbox 169 3169 285 3247; x_wconf 84' lang='lat' dir='ltr'>generis</span> <span class='ocrx_word' id='word_1_259' title='bbox 320 3169 539 3229; x_wconf 87' lang='lat' dir='ltr'>auctoritatem.</span> <span class='ocrx_word' id='word_1_260' title='bbox 588 3169 692 3246; x_wconf 89' lang='lat' dir='ltr'>Neque</span> <span class='ocrx_word' id='word_1_261' title='bbox 726 3171 827 3228; x_wconf 85' lang='lat' dir='ltr'>temen</span> <span class='ocrx_word' id='word_1_262' title='bbox 859 3188 893 3228; x_wconf 91' lang='lat' dir='ltr'>so</span> <span class='ocrx_word' id='word_1_263' title='bbox 925 3167 1112 3245; x_wconf 83' lang='lat' dir='ltr'>progrediar,</span> <span class='ocrx_word' id='word_1_264' title='bbox 1149 3173 1186 3228; x_wconf 89' lang='lat' dir='ltr'>ut</span> 
     </span>
     <span class='ocr_line' id='line_1_35' title="bbox 169 3256 1185 3336; baseline 0.001 -19"><span class='ocrx_word' id='word_1_265' title='bbox 169 3259 354 3333; x_wconf 89' lang='lat' dir='ltr'>contendam,</span> <span class='ocrx_word' id='word_1_266' title='bbox 378 3258 416 3316; x_wconf 89' lang='lat' dir='ltr'>ad</span> <span class='ocrx_word' id='word_1_267' title='bbox 437 3259 652 3318; x_wconf 79' lang='lat' dir='ltr'>restItuendam</span> <span class='ocrx_word' id='word_1_268' title='bbox 674 3258 833 3336; x_wconf 91' lang='lat' dir='ltr'>pristinam</span> <span class='ocrx_word' id='word_1_269' title='bbox 856 3260 886 3316; x_wconf 90' lang='lat' dir='ltr'>et</span> <span class='ocrx_word' id='word_1_270' title='bbox 909 3257 1053 3316; x_wconf 90' lang='lat' dir='ltr'>sinceram</span> <span class='ocrx_word' id='word_1_271' title='bbox 1076 3256 1185 3318; x_wconf 87' lang='lat' dir='ltr'>indicis</span> 
     </span>
     <span class='ocr_line' id='line_1_36' title="bbox 168 3345 1184 3422; baseline 0 -18"><span class='ocrx_word' id='word_1_272' title='bbox 168 3348 295 3406; x_wconf 88' lang='lat' dir='ltr'>formam</span> <span class='ocrx_word' id='word_1_273' title='bbox 318 3347 447 3422; x_wconf 91' lang='lat' dir='ltr'>priorem</span> <span class='ocrx_word' id='word_1_274' title='bbox 469 3348 670 3408; x_wconf 87' lang='lat' dir='ltr'>recensionem</span> <span class='ocrx_word' id='word_1_275' title='bbox 692 3347 788 3406; x_wconf 88' lang='lat' dir='ltr'>altera</span> <span class='ocrx_word' id='word_1_276' title='bbox 811 3347 930 3407; x_wconf 92' lang='lat' dir='ltr'>omnino</span> <span class='ocrx_word' id='word_1_277' title='bbox 952 3345 1063 3404; x_wconf 86' lang='lat' dir='ltr'>reiecta</span> <span class='ocrx_word' id='word_1_278' title='bbox 1086 3347 1184 3404; x_wconf 87' lang='lat' dir='ltr'>solam</span> 
     </span>
     <span class='ocr_line' id='line_1_37' title="bbox 169 3435 1184 3495; baseline 0.001 -2"><span class='ocrx_word' id='word_1_279' title='bbox 169 3453 232 3493; x_wconf 91' lang='lat' dir='ltr'>esse</span> <span class='ocrx_word' id='word_1_280' title='bbox 265 3435 471 3494; x_wconf 90' lang='lat' dir='ltr'>adhibendam.</span> <span class='ocrx_word' id='word_1_281' title='bbox 520 3436 674 3495; x_wconf 86' lang='lat' dir='ltr'>luterdum</span> <span class='ocrx_word' id='word_1_282' title='bbox 706 3435 784 3494; x_wconf 92' lang='lat' dir='ltr'>enim</span> <span class='ocrx_word' id='word_1_283' title='bbox 816 3437 847 3494; x_wconf 87' lang='lat' dir='ltr'>et</span> <span class='ocrx_word' id='word_1_284' title='bbox 879 3435 974 3494; x_wconf 79' lang='lat' dir='ltr'>altera</span> <span class='ocrx_word' id='word_1_285' title='bbox 1002 3435 1134 3494; x_wconf 89' lang='lat' dir='ltr'>recensio</span> <span class='ocrx_word' id='word_1_286' title='bbox 1164 3455 1184 3494; x_wconf 91' lang='lat' dir='ltr'>a</span> 
     </span>
     <span class='ocr_line' id='line_1_38' title="bbox 169 3523 1183 3600; baseline 0.002 -19"><span class='ocrx_word' id='word_1_287' title='bbox 169 3523 267 3582; x_wconf 88' lang='lat' dir='ltr'>verbis</span> <span class='ocrx_word' id='word_1_288' title='bbox 294 3524 402 3598; x_wconf 89' lang='lat' dir='ltr'>prioris</span> <span class='ocrx_word' id='word_1_289' title='bbox 429 3526 568 3584; x_wconf 90' lang='lat' dir='ltr'>recedens</span> <span class='ocrx_word' id='word_1_290' title='bbox 596 3544 668 3584; x_wconf 88' lang='lat' dir='ltr'>sana</span> <span class='ocrx_word' id='word_1_291' title='bbox 695 3523 836 3600; x_wconf 89' lang='lat' dir='ltr'>praebere</span> <span class='ocrx_word' id='word_1_292' title='bbox 864 3523 989 3583; x_wconf 85' lang='lat' dir='ltr'>videtur.</span> <span class='ocrx_word' id='word_1_293' title='bbox 1035 3523 1183 3600; x_wconf 81' lang='lat' dir='ltr'>Exempla</span> 
     </span>
    </p>
   </div>
   <div class='ocr_carea' id='block_1_14' title="bbox 0 0 1302 3932">
    <p class='ocr_par' dir='ltr' id='par_1_16' title="bbox 0 0 1302 3932">
     <span class='ocr_line' id='line_1_39' title="bbox 0 0 1302 3932; baseline 0 1"><span class='ocrx_word' id='word_1_294' title='bbox 0 0 1302 3932; x_wconf 95' lang='lat' dir='ltr'> </span> 
     </span>
    </p>
   </div>
  </div>
 </body>
</html>
