2596 3932
215 215 291 270 CAP.
301 215 335 270 X.
364 213 461 276 ORDO
480 214 631 270 PATRUM
648 215 793 271 NICAEN.
808 215 1041 277 RESTITUTUS.
1074 215 1136 272 LIII

120 403 193 443 nam
223 384 258 442 de
285 383 372 444 rebus
395 383 553 462 Aegyptiis
581 385 687 443 melius
714 385 818 444 ceteris
846 385 972 445 testibus
998 385 1136 446 edoctum

118 474 223 532 fuisse.
260 473 390 532 Nomina
407 473 501 550 igitur
519 473 557 532 ab
576 492 610 532 eo
625 473 728 533 addita
741 473 862 532 minime
876 475 1041 550 spernenda
1055 479 1134 536 sunt

119 563 236 621 Verum
258 581 318 621 non
341 582 377 621 ex
398 562 504 622 indicis
528 563 702 639 archetypo,
725 562 777 622 sed
800 581 835 620 ex
857 563 946 638 plane
969 564 1029 623 alio
1050 565 1134 624 fonte

120 651 282 726 desumpta
305 670 367 710 esse
389 651 444 712 illa
466 652 588 711 nomina
611 651 787 711 censendum
811 653 863 710 est.
899 651 1005 727 Itaque
1029 654 1067 712 ad
1089 673 1135 712 re·

120 739 308 800 stituendum
337 740 464 800 indicem
492 759 510 799 a
538 738 662 817 Coptica
689 741 823 800 versione
851 741 971 799 omnino
999 742 1134 801 receden-

121 828 196 887 dum
220 831 273 887 est.

214 915 343 976 Graecus
367 917 472 976 deinde
494 917 633 977 librarius
656 937 719 976 rem
741 918 785 977 ita
807 918 952 994 instituit,
975 921 1010 977 ut
1032 919 1135 978 suffra-

120 1025 288 1084 ganeorum
305 1006 575 1066 Alexandrinorum
596 1007 718 1066 nomina
736 1009 805 1082 post
822 1006 908 1066 urbes
927 1007 1033 1083 quibus
1051 1026 1135 1083 prae-

120 1099 194 1156 sunt
225 1095 339 1154 recitet.
385 1093 469 1165 Quod
500 1096 608 1155 itemm
638 1096 770 1154 omnium
796 1096 966 1156 versionum
993 1115 1136 1156 consensu

119 1184 256 1244 reicitur.

213 1272 345 1332 Primum
363 1275 431 1349 post
449 1273 651 1333 Alexandrum
668 1293 776 1334 nornen
793 1274 876 1334 varie
893 1274 1023 1333 traditur
1040 1274 1135 1350 Arpo-

121 1361 240 1422 oration
269 1357 327 1438 (111
349 1362 393 1420 IV
415 1362 443 1419 V
465 1359 537 1441 VH)
564 1364 612 1423 vel
634 1363 849 1440 Alphooration
872 1359 900 1441 (I
921 1363 953 1422 H
974 1363 1049 1422 VIII
1071 1359 1135 1442 IX).

119 1451 211 1510 Prior
228 1450 324 1510 forma
342 1470 420 1527 quae
439 1455 470 1511 et
484 1450 613 1518 Socratis
633 1455 685 1529 est,
703 1455 785 1513 reeta
804 1455 861 1528 est3
880 1472 916 1511 ex
929 1451 1010 1511 urbis
1024 1453 1136 1528 Alpho-

120 1559 236 1600 oranon
265 1540 409 1603 vocabulo
441 1540 529 1600 facile
562 1543 592 1600 et
621 1541 679 1600 viri
709 1560 817 1601 nomen
849 1541 997 1618 oonumpi
1028 1542 1135 1618 potuit.

118 1629 281 1688 Arbetioni
304 1661 346 1670 -
369 1629 442 1688 haee
470 1632 516 1690 est
542 1649 613 1690 vera
639 1631 768 1690 nominis
795 1631 891 1690 forma
913 1663 956 1672 —
979 1630 1051 1690 Iioet
1078 1631 1136 1690 duo

121 1717 246 1795 egregia
272 1718 443 1778 testimonia
467 1715 495 1797 (I
518 1721 548 1777 et
570 1716 657 1797 VHI)
680 1719 813 1778 Barethu
837 1720 964 1779 formam
985 1722 1136 1796 tueantur,
1247 1775 1250 1781 .

119 1806 310 1866 Pharbaetus
337 1807 409 1868 urbs
437 1807 596 1866 tribuenda
623 1826 686 1867 esse
714 1807 840 1868 videtur.
886 1808 931 1866 De
957 1808 1061 1867 ceteris
1085 1827 1136 1867 no·

120 1895 255 1954 minibus
278 1895 357 1954 inter
379 1896 528 1956 versiones
552 1896 697 1956 convenit.
723 1896 818 1956 ,Vitia
837 1894 942 1955 Graeci
965 1895 1080 1955 librarii
1102 1916 1137 1955 ex

122 1985 193 2046 aliis
216 1983 300 2043 libris
323 1984 410 2044 faoile
434 1985 631 2064 oonigrmtur.

54 2081 55 2084 ’
215 2073 373 2132 Thebaidis
392 2077 452 2134 tres
472 2075 603 2151 episcopi
621 2077 705 2151 sunt3
727 2093 835 2134 nomen
853 2074 1047 2152 Lyoopolitae
1065 2075 1136 2134 Plu·

122 2163 244 2222 sianum
272 2180 335 2222 esse
362 2163 423 2222 iam
449 2163 587 2224 vidimus.
632 2164 678 2223 De
705 2163 833 2224 nominis
861 2163 957 2224 forma
979 2167 1074 2224 Λυκῶ
1099 2165 1135 2224 ef.

123 2249 232 2328 Georg.
253 2250 340 2326 prr.
359 2252 403 2310 ed.
421 2252 459 2311 H.
475 2251 579 2312 Gelzer
596 2273 624 2329 p.
642 2254 713 2314 130.
760 2252 908 2323 Quartum
929 2253 1137 2329 Paphnutium

121 2340 151 2397 V
166 2339 265 2416 habet,
284 2360 374 2416 quem
387 2344 418 2400 et
431 2341 475 2399 IV
488 2345 557 2417 post
570 2342 773 2401 Alexandrum
783 2342 981 2402 Alexandriae
995 2347 1135 2402 recenset.

121 2429 167 2488 At
196 2427 300 2488 Graeci
330 2429 407 2489 ratio
436 2430 545 2489 rectior
573 2434 629 2506 est3
662 2450 732 2490 nam
759 2431 947 2507 Paphnutius
976 2433 1136 2507 superioris

121 2518 257 2594 Aegypti
285 2517 393 2593 oppido
420 2518 560 2594 praefuit.
605 2520 719 2578 Verum
746 2520 809 2579 eius
837 2539 945 2579 nomen
972 2520 1137 2579 scribarum

122 2607 277 2666 doetrinae
297 2606 429 2683 debetur,
448 2607 501 2684 qui
519 2610 635 2684 patrem
648 2609 814 2668 Nicaenum
833 2609 870 2668 ab
890 2608 1026 2668 omnibus
1044 2610 1136 2670 histo·

120 2696 238 2755 riarum
270 2695 538 2766 ecclesiasticarum
570 2698 740 2757 auctoribus
770 2697 910 2756 laudibus
938 2701 1078 2758 ornatum
1105 2700 1136 2758 in
1164 2710 1166 2716 ’

121 2784 221 2844 indiae
244 2785 487 2859 praetermissum
510 2805 573 2846 esse
596 2806 684 2864 aegre
706 2786 850 2846 ferebant.

213 2873 279 2932 Iam
296 2876 481 2934 transeamus
501 2875 539 2934 ad
553 2874 681 2952 Libyam
700 2876 888 2952 superiorem.
921 2876 1039 2936 Primae
1053 2878 1135 2938 urbis

121 2963 221 3022 forma
247 2962 391 3042 Βερονίκη
420 2983 511 3040 quam
538 2964 553 3022 I
581 2967 612 3023 et
638 2965 685 3022 III
711 2967 863 3042 tutantur,
891 2966 1046 3026 retinenda
1073 2985 1136 3026 esse

120 3052 251 3113 videtur.
289 3049 332 3112 cf.
353 3051 458 3130 Georg.
479 3051 565 3129 prr.
585 3053 629 3112 ed.
648 3053 685 3112 H.
706 3051 810 3112 Gelzer
831 3073 860 3130 p.
881 3057 953 3114 145.

213 3140 295 3200 Duas
322 3141 436 3217 Libyae
463 3142 631 3217 provincias
660 3142 847 3220 distinguunt
874 3143 905 3201 Π
927 3144 973 3202 ΠΙ
995 3143 1031 3201 V.
1078 3142 1136 3202 Sed

122 3234 153 3289 et
177 3232 294 3289 ceterae
315 3230 465 3289 versiones
488 3231 627 3306 primitus
645 3231 690 3290 ita
708 3233 852 3308 legerunt.
888 3232 968 3291 Nam
986 3234 1071 3290 aeute
1091 3232 1135 3292 in·

120 3318 239 3378 tellexit
259 3315 407 3396 0.0untz,
427 3319 595 3380 Secundum
610 3320 806 3380 Tauohinbies
826 3316 866 3398 (Ι)
886 3339 948 3380 esse
968 3319 1136 3382 Seoundum

121 3407 258 3467 Tauohes
273 3405 390 3483 Libyes.
424 3408 536 3467 Eodem
549 3409 637 3468 modo
651 3409 726 3467 VIII
741 3401 893 3488 kajljb’s
911 3409 954 3466 IX
968 3400 1135 3485 kal'b'we

121 3501 153 3556 et
172 3497 216 3555 XI
230 3496 396 3554 TaukhIibe
409 3497 561 3573 praebent,
580 3499 698 3557 nomine
712 3498 835 3556 ultimae
849 3497 962 3572 Libyae
976 3498 1135 3572 superioris

122 3584 205 3644 urbis
234 3588 264 3643 et
289 3586 459 3660 provinciae
488 3587 638 3661 sequentis
661 3586 805 3647 vocabulo
828 3586 859 3644 in
882 3603 973 3642 unuin
997 3585 1134 3648 confusis.
