<?xml version="1.0" encoding="UTF-8"?>
<!DOCTYPE html PUBLIC "-//W3C//DTD XHTML 1.0 Transitional//EN"
    "http://www.w3.org/TR/xhtml1/DTD/xhtml1-transitional.dtd">
<html xmlns="http://www.w3.org/1999/xhtml" xml:lang="en" lang="en">
 <head>
  <title>
</title>
<meta http-equiv="Content-Type" content="text/html;charset=utf-8" />
  <meta name='ocr-system' content='tesseract 3.04.00' />
  <meta name='ocr-capabilities' content='ocr_page ocr_carea ocr_par ocr_line ocrx_word'/>
</head>
<body>
  <div class='ocr_page' id='page_1' title='image "./scriptoressacri00unkngoog_0080.png"; bbox 0 0 2596 3932; ppageno 0'>
   <div class='ocr_carea' id='block_1_1' title="bbox 110 457 1081 584">
    <p class='ocr_par' dir='ltr' id='par_1_1' title="bbox 110 457 1081 584">
     <span class='ocr_line' id='line_1_1' title="bbox 110 457 1081 584; baseline 0.001 -21"><span class='ocrx_word' id='word_1_1' title='bbox 110 495 257 564; x_wconf 82' lang='lat' dir='ltr'>Addend.</span> <span class='ocrx_word' id='word_1_2' title='bbox 281 493 324 562; x_wconf 85' lang='lat' dir='ltr'>ed</span> <span class='ocrx_word' id='word_1_3' title='bbox 347 493 421 581; x_wconf 73' lang='lat' dir='ltr'>(lap.</span> <span class='ocrx_word' id='word_1_4' title='bbox 440 493 485 559; x_wconf 92' lang='lat' dir='ltr'>lV</span> <span class='ocrx_word' id='word_1_5' title='bbox 499 494 535 560; x_wconf 89' lang='lat' dir='ltr'>B.</span> <span class='ocrx_word' id='word_1_6' title='bbox 559 493 598 561; x_wconf 90' lang='lat' dir='ltr'>dc</span> <span class='ocrx_word' id='word_1_7' title='bbox 621 457 782 562; x_wconf 83' lang='lat' dir='ltr'>Ebcdicsu</span> <span class='ocrx_word' id='word_1_8' title='bbox 805 494 912 564; x_wconf 89' lang='lat' dir='ltr'>indice</span> <span class='ocrx_word' id='word_1_9' title='bbox 935 516 966 584; x_wconf 86' lang='lat' dir='ltr'>p.</span> <span class='ocrx_word' id='word_1_10' title='bbox 980 496 1081 564; x_wconf 88' lang='lat' dir='ltr'>XXV.</span> 
     </span>
    </p>
   </div>
   <div class='ocr_carea' id='block_1_2' title="bbox 74 659 1149 3223">
    <p class='ocr_par' dir='ltr' id='par_1_2' title="bbox 74 659 1149 3223">
     <span class='ocr_line' id='line_1_2' title="bbox 84 659 1101 739; baseline 0.001 -18"><span class='ocrx_word' id='word_1_11' title='bbox 84 694 88 702; x_wconf 95' lang='lat'><em>·</em></span> <span class='ocrx_word' id='word_1_12' title='bbox 172 663 304 722; x_wconf 82' lang='lat' dir='ltr'>Exstant</span> <span class='ocrx_word' id='word_1_13' title='bbox 325 663 481 737; x_wconf 87' lang='lat' dir='ltr'>praeterea</span> <span class='ocrx_word' id='word_1_14' title='bbox 504 659 562 719; x_wconf 94' lang='lat' dir='ltr'>duo</span> <span class='ocrx_word' id='word_1_15' title='bbox 586 661 716 720; x_wconf 88' lang='lat' dir='ltr'>eiusdem</span> <span class='ocrx_word' id='word_1_16' title='bbox 736 661 806 720; x_wconf 85' lang='lat' dir='ltr'>libri</span> <span class='ocrx_word' id='word_1_17' title='bbox 825 663 938 722; x_wconf 90' lang='lat' dir='ltr'>codices</span> <span class='ocrx_word' id='word_1_18' title='bbox 956 683 1051 739; x_wconf 87' lang='lat' dir='ltr'>nuper</span> <span class='ocrx_word' id='word_1_19' title='bbox 1068 664 1101 722; x_wconf 95' lang='lat' dir='ltr'>in</span> 
     </span>
     <span class='ocr_line' id='line_1_3' title="bbox 93 747 1141 828; baseline 0.004 -20"><span class='ocrx_word' id='word_1_20' title='bbox 93 752 197 810; x_wconf 84' lang='lat' dir='ltr'>criente</span> <span class='ocrx_word' id='word_1_21' title='bbox 221 751 327 827; x_wconf 90' lang='lat' dir='ltr'>scripti</span> <span class='ocrx_word' id='word_1_22' title='bbox 350 753 380 808; x_wconf 92' lang='lat' dir='ltr'>et</span> <span class='ocrx_word' id='word_1_23' title='bbox 397 749 467 808; x_wconf 88' lang='lat' dir='ltr'>inde</span> <span class='ocrx_word' id='word_1_24' title='bbox 484 747 517 806; x_wconf 88' lang='lat' dir='ltr'>in</span> <span class='ocrx_word' id='word_1_25' title='bbox 534 750 686 826; x_wconf 82' lang='lat' dir='ltr'>Europam</span> <span class='ocrx_word' id='word_1_26' title='bbox 704 751 829 811; x_wconf 80' lang='lat' dir='ltr'>advecti.</span> <span class='ocrx_word' id='word_1_27' title='bbox 861 751 957 810; x_wconf 75' lang='lat' dir='ltr'>Alter</span> <span class='ocrx_word' id='word_1_28' title='bbox 976 772 1101 828; x_wconf 86' lang='lat' dir='ltr'>querno</span> <span class='ocrx_word' id='word_1_29' title='bbox 1140 823 1141 827; x_wconf 6' lang='grc' dir='ltr'><strong>Ἰ</strong></span> 
     </span>
     <span class='ocr_line' id='line_1_4' title="bbox 92 837 1149 920; baseline 0.001 -22"><span class='ocrx_word' id='word_1_30' title='bbox 92 841 204 916; x_wconf 91' lang='lat' dir='ltr'>appello</span> <span class='ocrx_word' id='word_1_31' title='bbox 229 840 276 900; x_wconf 90' lang='lat' dir='ltr'>est</span> <span class='ocrx_word' id='word_1_32' title='bbox 299 839 361 899; x_wconf 90' lang='lat' dir='ltr'>cod.</span> <span class='ocrx_word' id='word_1_33' title='bbox 385 857 442 914; x_wconf 87' lang='lat' dir='ltr'>syr.</span> <span class='ocrx_word' id='word_1_34' title='bbox 461 837 722 914; x_wconf 71' lang='lat' dir='ltr'>argentoratensis</span> <span class='ocrx_word' id='word_1_35' title='bbox 747 842 852 920; x_wconf 47' lang='lat' dir='ltr'>261st</span> <span class='ocrx_word' id='word_1_36' title='bbox 875 841 1028 900; x_wconf 89' lang='lat' dir='ltr'>absolutus</span> <span class='ocrx_word' id='word_1_37' title='bbox 1053 841 1100 899; x_wconf 92' lang='lat' dir='ltr'>die</span> <span class='ocrx_word' id='word_1_38' title='bbox 1147 847 1149 854; x_wconf 80' lang='grc'>’</span> 
     </span>
     <span class='ocr_line' id='line_1_5' title="bbox 95 919 1100 1006; baseline 0.004 -20"><span class='ocrx_word' id='word_1_39' title='bbox 95 932 118 986; x_wconf 80' lang='grc'>7.</span> <span class='ocrx_word' id='word_1_40' title='bbox 135 927 205 1006; x_wconf 78' lang='grc' dir='ltr'>Αρ1.</span> <span class='ocrx_word' id='word_1_41' title='bbox 227 930 314 988; x_wconf 86' lang='grc'><strong>1886</strong></span> <span class='ocrx_word' id='word_1_42' title='bbox 343 928 375 994; x_wconf 88' lang='lat' dir='ltr'>in</span> <span class='ocrx_word' id='word_1_43' title='bbox 402 927 468 987; x_wconf 79' lang='lat' dir='ltr'>vico</span> <span class='ocrx_word' id='word_1_44' title='bbox 492 919 584 1004; x_wconf 83' lang='lat' dir='ltr'>‘ljzbd</span> <span class='ocrx_word' id='word_1_45' title='bbox 610 947 702 1005; x_wconf 91' lang='lat' dir='ltr'>prope</span> <span class='ocrx_word' id='word_1_46' title='bbox 730 929 874 989; x_wconf 79' lang='lat' dir='ltr'>Edessam</span> <span class='ocrx_word' id='word_1_47' title='bbox 902 929 967 989; x_wconf 91' lang='lat' dir='ltr'>sito.</span> <span class='ocrx_word' id='word_1_48' title='bbox 1012 929 1100 990; x_wconf 88' lang='lat' dir='ltr'>Hune</span> 
     </span>
     <span class='ocr_line' id='line_1_6' title="bbox 92 1016 1101 1096; baseline 0.003 -22"><span class='ocrx_word' id='word_1_49' title='bbox 92 1017 188 1076; x_wconf 87' lang='lat' dir='ltr'>lenam</span> <span class='ocrx_word' id='word_1_50' title='bbox 209 1017 421 1086; x_wconf 77' lang='lat' dir='ltr'>transmissum</span> <span class='ocrx_word' id='word_1_51' title='bbox 440 1016 505 1092; x_wconf 90' lang='lat' dir='ltr'>ipse</span> <span class='ocrx_word' id='word_1_52' title='bbox 523 1016 658 1077; x_wconf 90' lang='lat' dir='ltr'>manibus</span> <span class='ocrx_word' id='word_1_53' title='bbox 677 1019 767 1078; x_wconf 81' lang='lat' dir='ltr'>volvi.</span> <span class='ocrx_word' id='word_1_54' title='bbox 795 1019 940 1096; x_wconf 68' lang='lat' dir='ltr'>vPaginae</span> <span class='ocrx_word' id='word_1_55' title='bbox 960 1019 1022 1078; x_wconf 89' lang='lat' dir='ltr'>eius</span> <span class='ocrx_word' id='word_1_56' title='bbox 1040 1039 1101 1079; x_wconf 91' lang='lat' dir='ltr'>non</span> 
     </span>
     <span class='ocr_line' id='line_1_7' title="bbox 93 1101 1101 1186; baseline 0.004 -23"><span class='ocrx_word' id='word_1_57' title='bbox 93 1111 156 1165; x_wconf 90' lang='lat' dir='ltr'>sunt</span> <span class='ocrx_word' id='word_1_58' title='bbox 172 1107 307 1167; x_wconf 85' lang='lat' dir='ltr'>numeris</span> <span class='ocrx_word' id='word_1_59' title='bbox 326 1105 492 1180; x_wconf 76' lang='lat' dir='ltr'>distinctae,</span> <span class='ocrx_word' id='word_1_60' title='bbox 516 1101 647 1165; x_wconf 86' lang='lat' dir='ltr'>continet</span> <span class='ocrx_word' id='word_1_61' title='bbox 669 1127 739 1168; x_wconf 87' lang='lat' dir='ltr'>vero</span> <span class='ocrx_word' id='word_1_62' title='bbox 760 1111 799 1166; x_wconf 80' lang='lat'>21</span> <span class='ocrx_word' id='word_1_63' title='bbox 820 1107 958 1186; x_wconf 80' lang='lat' dir='ltr'>plagulas</span> <span class='ocrx_word' id='word_1_64' title='bbox 979 1111 1020 1168; x_wconf 89' lang='lat'>10</span> <span class='ocrx_word' id='word_1_65' title='bbox 1038 1109 1101 1167; x_wconf 87' lang='lat' dir='ltr'>fere</span> 
     </span>
     <span class='ocr_line' id='line_1_8' title="bbox 92 1193 1100 1274; baseline 0.006 -24"><span class='ocrx_word' id='word_1_66' title='bbox 92 1194 227 1254; x_wconf 87' lang='lat' dir='ltr'>foliorum</span> <span class='ocrx_word' id='word_1_67' title='bbox 254 1197 369 1267; x_wconf 88' lang='lat' dir='ltr'>formae</span> <span class='ocrx_word' id='word_1_68' title='bbox 395 1197 527 1270; x_wconf 82' lang='lat' dir='ltr'>quartae.</span> <span class='ocrx_word' id='word_1_69' title='bbox 574 1193 709 1272; x_wconf 76' lang='lat' dir='ltr'>Scriptus</span> <span class='ocrx_word' id='word_1_70' title='bbox 737 1201 783 1256; x_wconf 91' lang='lat' dir='ltr'>est</span> <span class='ocrx_word' id='word_1_71' title='bbox 808 1198 889 1274; x_wconf 86' lang='lat' dir='ltr'>typis</span> <span class='ocrx_word' id='word_1_72' title='bbox 912 1197 1100 1257; x_wconf 86' lang='lat' dir='ltr'>Nestorianis</span> 
     </span>
     <span class='ocr_line' id='line_1_9' title="bbox 93 1283 1101 1362; baseline 0.003 -21"><span class='ocrx_word' id='word_1_73' title='bbox 93 1286 120 1341; x_wconf 90' lang='lat' dir='ltr'>et</span> <span class='ocrx_word' id='word_1_74' title='bbox 145 1286 253 1362; x_wconf 89' lang='lat' dir='ltr'>ubique</span> <span class='ocrx_word' id='word_1_75' title='bbox 284 1283 426 1344; x_wconf 84' lang='lat' dir='ltr'>facillime</span> <span class='ocrx_word' id='word_1_76' title='bbox 456 1284 574 1361; x_wconf 84' lang='lat' dir='ltr'>legitur.</span> <span class='ocrx_word' id='word_1_77' title='bbox 618 1285 719 1345; x_wconf 87' lang='lat' dir='ltr'>Primo</span> <span class='ocrx_word' id='word_1_78' title='bbox 747 1286 820 1346; x_wconf 85' lang='lat' dir='ltr'>folio</span> <span class='ocrx_word' id='word_1_79' title='bbox 851 1287 1001 1362; x_wconf 88' lang='lat' dir='ltr'>adscripta</span> <span class='ocrx_word' id='word_1_80' title='bbox 1030 1289 1101 1345; x_wconf 92' lang='lat' dir='ltr'>sunt</span> 
     </span>
     <span class='ocr_line' id='line_1_10' title="bbox 91 1373 1100 1454; baseline 0.004 -24"><span class='ocrx_word' id='word_1_81' title='bbox 91 1373 175 1432; x_wconf 85' lang='lat' dir='ltr'>verba</span> <span class='ocrx_word' id='word_1_82' title='bbox 192 1375 279 1454; x_wconf 76' lang='lat' dir='ltr'>baec:</span> <span class='ocrx_word' id='word_1_83' title='bbox 298 1374 437 1450; x_wconf 82' lang='lat' dir='ltr'>Epitome</span> <span class='ocrx_word' id='word_1_84' title='bbox 454 1392 600 1433; x_wconf 89' lang='lat' dir='ltr'>canonum</span> <span class='ocrx_word' id='word_1_85' title='bbox 614 1374 754 1434; x_wconf 88' lang='lat' dir='ltr'>ecclesiae</span> <span class='ocrx_word' id='word_1_86' title='bbox 768 1375 964 1434; x_wconf 87' lang='lat' dir='ltr'>Nestorianae</span> <span class='ocrx_word' id='word_1_87' title='bbox 979 1379 1100 1435; x_wconf 89' lang='lat' dir='ltr'>auctore</span> 
     </span>
     <span class='ocr_line' id='line_1_11' title="bbox 99 1457 1099 1540; baseline 0.003 -21"><span class='ocrx_word' id='word_1_88' title='bbox 99 1457 244 1524; x_wconf 84' lang='lat' dir='ltr'>ABDISO</span> <span class='ocrx_word' id='word_1_89' title='bbox 264 1463 402 1540; x_wconf 88' lang='lat' dir='ltr'>episcopo</span> <span class='ocrx_word' id='word_1_90' title='bbox 422 1463 518 1522; x_wconf 88' lang='lat' dir='ltr'>Zobae</span> <span class='ocrx_word' id='word_1_91' title='bbox 538 1482 601 1539; x_wconf 87' lang='lat' dir='ltr'>cop.</span> <span class='ocrx_word' id='word_1_92' title='bbox 616 1483 652 1522; x_wconf 83' lang='lat' dir='ltr'>er</span> <span class='ocrx_word' id='word_1_93' title='bbox 668 1463 738 1522; x_wconf 88' lang='lat' dir='ltr'>bibl.</span> <span class='ocrx_word' id='word_1_94' title='bbox 753 1464 912 1540; x_wconf 80' lang='lat' dir='ltr'>patriarch.</span> <span class='ocrx_word' id='word_1_95' title='bbox 927 1457 1099 1524; x_wconf 80' lang='lat' dir='ltr'>Koo‘annes.</span> 
     </span>
     <span class='ocr_line' id='line_1_12' title="bbox 174 1552 1102 1628; baseline -0.002 -16"><span class='ocrx_word' id='word_1_96' title='bbox 174 1553 261 1612; x_wconf 83' lang='lat' dir='ltr'>Alter</span> <span class='ocrx_word' id='word_1_97' title='bbox 285 1552 376 1612; x_wconf 86' lang='lat' dir='ltr'>codex</span> <span class='ocrx_word' id='word_1_98' title='bbox 393 1572 413 1628; x_wconf 93' lang='lat' dir='ltr'>p</span> <span class='ocrx_word' id='word_1_99' title='bbox 436 1555 480 1610; x_wconf 92' lang='lat' dir='ltr'>est</span> <span class='ocrx_word' id='word_1_100' title='bbox 498 1571 556 1628; x_wconf 80' lang='lat' dir='ltr'>syr.</span> <span class='ocrx_word' id='word_1_101' title='bbox 570 1552 724 1612; x_wconf 89' lang='lat' dir='ltr'>Parisinus</span> <span class='ocrx_word' id='word_1_102' title='bbox 746 1553 817 1612; x_wconf 90' lang='lat' dir='ltr'>bibl.</span> <span class='ocrx_word' id='word_1_103' title='bbox 831 1556 893 1613; x_wconf 87' lang='lat' dir='ltr'>nat.</span> <span class='ocrx_word' id='word_1_104' title='bbox 910 1555 972 1612; x_wconf 79' lang='lat'>323</span> <span class='ocrx_word' id='word_1_105' title='bbox 992 1553 1102 1612; x_wconf 88' lang='lat' dir='ltr'>Mosuli</span> 
     </span>
     <span class='ocr_line' id='line_1_13' title="bbox 94 1637 1098 1718; baseline 0.005 -23"><span class='ocrx_word' id='word_1_106' title='bbox 94 1637 251 1718; x_wconf 83' lang='lat' dir='ltr'>descriptus</span> <span class='ocrx_word' id='word_1_107' title='bbox 267 1661 306 1710; x_wconf 82' lang='lat' dir='ltr'>er</span> <span class='ocrx_word' id='word_1_108' title='bbox 316 1641 440 1717; x_wconf 89' lang='lat' dir='ltr'>antiquo</span> <span class='ocrx_word' id='word_1_109' title='bbox 456 1641 618 1718; x_wconf 83' lang='lat' dir='ltr'>exemplari</span> <span class='ocrx_word' id='word_1_110' title='bbox 636 1645 666 1700; x_wconf 89' lang='lat' dir='ltr'>et</span> <span class='ocrx_word' id='word_1_111' title='bbox 680 1642 833 1702; x_wconf 89' lang='lat' dir='ltr'>absolutus</span> <span class='ocrx_word' id='word_1_112' title='bbox 848 1643 895 1701; x_wconf 92' lang='lat' dir='ltr'>die</span> <span class='ocrx_word' id='word_1_113' title='bbox 910 1643 1098 1702; x_wconf 71' lang='lat' dir='ltr'>alaniam</span> 
     </span>
     <span class='ocr_line' id='line_1_14' title="bbox 94 1722 1100 1806; baseline 0.002 -20"><span class='ocrx_word' id='word_1_114' title='bbox 94 1722 177 1801; x_wconf 73' lang='lat' dir='ltr'>(clud</span> <span class='ocrx_word' id='word_1_115' title='bbox 180 1731 350 1791; x_wconf 82' lang='lat' dir='ltr'>.B.0hab0t</span> <span class='ocrx_word' id='word_1_116' title='bbox 358 1731 390 1788; x_wconf 91' lang='lat' dir='ltr'>in</span> <span class='ocrx_word' id='word_1_117' title='bbox 399 1731 522 1804; x_wconf 79' lang='lat' dir='ltr'>jcurccl</span> <span class='ocrx_word' id='word_1_118' title='bbox 531 1733 674 1806; x_wconf 74' lang='lat' dir='ltr'>aetatique</span> <span class='ocrx_word' id='word_1_119' title='bbox 688 1732 798 1789; x_wconf 87' lang='lat' dir='ltr'>ser.IX.</span> <span class='ocrx_word' id='word_1_120' title='bbox 809 1733 914 1790; x_wconf 91' lang='lat' dir='ltr'>tom.8.</span> <span class='ocrx_word' id='word_1_121' title='bbox 928 1731 996 1790; x_wconf 86' lang='lat' dir='ltr'>Par.</span> <span class='ocrx_word' id='word_1_122' title='bbox 1005 1732 1100 1790; x_wconf 88' lang='grc'><strong>1896.</strong></span> 
     </span>
     <span class='ocr_line' id='line_1_15' title="bbox 92 1812 1097 1899; baseline 0 -22"><span class='ocrx_word' id='word_1_123' title='bbox 92 1835 117 1890; x_wconf 90' lang='lat' dir='ltr'>p.</span> <span class='ocrx_word' id='word_1_124' title='bbox 132 1817 215 1899; x_wconf 80' lang='lat'>270).</span> <span class='ocrx_word' id='word_1_125' title='bbox 251 1820 347 1880; x_wconf 51' lang='lat' dir='ltr'>¹luder</span> <span class='ocrx_word' id='word_1_126' title='bbox 364 1822 484 1895; x_wconf 89' lang='lat' dir='ltr'>patrum</span> <span class='ocrx_word' id='word_1_127' title='bbox 502 1820 613 1898; x_wconf 83' lang='lat' dir='ltr'>legitur</span> <span class='ocrx_word' id='word_1_128' title='bbox 630 1841 659 1896; x_wconf 89' lang='lat' dir='ltr'>p.</span> <span class='ocrx_word' id='word_1_129' title='bbox 676 1812 846 1880; x_wconf 72' lang='lat' dir='ltr'>3bb-39b.</span> <span class='ocrx_word' id='word_1_130' title='bbox 881 1820 909 1877; x_wconf 88' lang='lat' dir='ltr'>J.</span> <span class='ocrx_word' id='word_1_131' title='bbox 923 1820 957 1878; x_wconf 93' lang='lat' dir='ltr'>B.</span> <span class='ocrx_word' id='word_1_132' title='bbox 975 1819 1097 1894; x_wconf 76' lang='lat' dir='ltr'>Chabot,</span> 
     </span>
     <span class='ocr_line' id='line_1_16' title="bbox 92 1904 1097 1985; baseline 0.004 -22"><span class='ocrx_word' id='word_1_133' title='bbox 92 1904 134 1963; x_wconf 85' lang='lat' dir='ltr'>vir</span> <span class='ocrx_word' id='word_1_134' title='bbox 148 1907 377 1970; x_wconf 86' lang='lat' dir='ltr'>humanissimus</span> <span class='ocrx_word' id='word_1_135' title='bbox 397 1911 487 1985; x_wconf 88' lang='lat' dir='ltr'>atquc</span> <span class='ocrx_word' id='word_1_136' title='bbox 502 1908 698 1985; x_wconf 88' lang='lat' dir='ltr'>doctissimus,</span> <span class='ocrx_word' id='word_1_137' title='bbox 716 1927 776 1968; x_wconf 93' lang='lat' dir='ltr'>non</span> <span class='ocrx_word' id='word_1_138' title='bbox 789 1911 908 1978; x_wconf 90' lang='lat' dir='ltr'>tantum</span> <span class='ocrx_word' id='word_1_139' title='bbox 925 1907 1097 1968; x_wconf 89' lang='lat' dir='ltr'>collationes</span> 
     </span>
     <span class='ocr_line' id='line_1_17' title="bbox 82 1997 1099 2074; baseline -0.002 -16"><span class='ocrx_word' id='word_1_140' title='bbox 82 2011 157 2058; x_wconf 63' lang='lat' dir='ltr'>,suas</span> <span class='ocrx_word' id='word_1_141' title='bbox 175 2003 265 2059; x_wconf 89' lang='lat' dir='ltr'>antea</span> <span class='ocrx_word' id='word_1_142' title='bbox 281 1999 376 2057; x_wconf 88' lang='lat' dir='ltr'>factas</span> <span class='ocrx_word' id='word_1_143' title='bbox 390 1998 596 2058; x_wconf 88' lang='lat' dir='ltr'>liberalissime</span> <span class='ocrx_word' id='word_1_144' title='bbox 614 1998 688 2057; x_wconf 88' lang='lat' dir='ltr'>mihi</span> <span class='ocrx_word' id='word_1_145' title='bbox 701 1997 784 2057; x_wconf 91' lang='lat' dir='ltr'>misit</span> <span class='ocrx_word' id='word_1_146' title='bbox 798 1997 905 2074; x_wconf 91' lang='lat' dir='ltr'>quibus</span> <span class='ocrx_word' id='word_1_147' title='bbox 919 2000 1028 2073; x_wconf 83' lang='lat' dir='ltr'>uterer,</span> <span class='ocrx_word' id='word_1_148' title='bbox 1047 1997 1099 2056; x_wconf 87' lang='lat' dir='ltr'>sed</span> 
     </span>
     <span class='ocr_line' id='line_1_18' title="bbox 97 2083 1001 2170; baseline 0.009 -32"><span class='ocrx_word' id='word_1_149' title='bbox 97 2083 178 2145; x_wconf 90' lang='lat' dir='ltr'>etiam</span> <span class='ocrx_word' id='word_1_150' title='bbox 200 2089 299 2148; x_wconf 88' lang='lat' dir='ltr'>denuo</span> <span class='ocrx_word' id='word_1_151' title='bbox 323 2087 453 2147; x_wconf 88' lang='lat' dir='ltr'>codicem</span> <span class='ocrx_word' id='word_1_152' title='bbox 475 2107 544 2148; x_wconf 89' lang='lat' dir='ltr'>cum</span> <span class='ocrx_word' id='word_1_153' title='bbox 567 2088 754 2165; x_wconf 84' lang='lat' dir='ltr'>autographo</span> <span class='ocrx_word' id='word_1_154' title='bbox 777 2107 845 2170; x_wconf 81' lang='lat' dir='ltr'>meo</span> <span class='ocrx_word' id='word_1_155' title='bbox 867 2087 1001 2146; x_wconf 90' lang='lat' dir='ltr'>contulit.</span> 
     </span>
     <span class='ocr_line' id='line_1_19' title="bbox 176 2173 1098 2253; baseline -0.002 -17"><span class='ocrx_word' id='word_1_156' title='bbox 176 2176 343 2253; x_wconf 86' lang='lat' dir='ltr'>Utrumque</span> <span class='ocrx_word' id='word_1_157' title='bbox 371 2178 500 2237; x_wconf 84' lang='lat' dir='ltr'>codicem</span> <span class='ocrx_word' id='word_1_158' title='bbox 528 2197 563 2237; x_wconf 87' lang='lat' dir='ltr'>ex</span> <span class='ocrx_word' id='word_1_159' title='bbox 586 2177 689 2237; x_wconf 90' lang='lat' dir='ltr'>eodem</span> <span class='ocrx_word' id='word_1_160' title='bbox 712 2178 794 2236; x_wconf 89' lang='lat' dir='ltr'>fonte</span> <span class='ocrx_word' id='word_1_161' title='bbox 817 2173 935 2236; x_wconf 83' lang='lat' dir='ltr'>fluxisse</span> <span class='ocrx_word' id='word_1_162' title='bbox 959 2176 1098 2252; x_wconf 90' lang='lat' dir='ltr'>suspicor.</span> 
     </span>
     <span class='ocr_line' id='line_1_20' title="bbox 96 2258 1100 2343; baseline 0.005 -24"><span class='ocrx_word' id='word_1_163' title='bbox 96 2258 193 2339; x_wconf 84' lang='lat' dir='ltr'>Neque</span> <span class='ocrx_word' id='word_1_164' title='bbox 216 2267 296 2326; x_wconf 91' lang='lat' dir='ltr'>enim</span> <span class='ocrx_word' id='word_1_165' title='bbox 317 2267 446 2326; x_wconf 90' lang='lat' dir='ltr'>multum</span> <span class='ocrx_word' id='word_1_166' title='bbox 467 2267 547 2326; x_wconf 91' lang='lat' dir='ltr'>inter</span> <span class='ocrx_word' id='word_1_167' title='bbox 569 2287 600 2327; x_wconf 90' lang='lat' dir='ltr'>se</span> <span class='ocrx_word' id='word_1_168' title='bbox 623 2267 763 2326; x_wconf 88' lang='lat' dir='ltr'>differunt</span> <span class='ocrx_word' id='word_1_169' title='bbox 784 2259 874 2343; x_wconf 88' lang='lat' dir='ltr'>idque</span> <span class='ocrx_word' id='word_1_170' title='bbox 892 2265 1050 2327; x_wconf 82' lang='lat' dir='ltr'>leuissimis</span> <span class='ocrx_word' id='word_1_171' title='bbox 1067 2265 1100 2324; x_wconf 92' lang='lat' dir='ltr'>in</span> 
     </span>
     <span class='ocr_line' id='line_1_21' title="bbox 96 2350 1100 2432; baseline 0.004 -22"><span class='ocrx_word' id='word_1_172' title='bbox 96 2350 175 2414; x_wconf 82' lang='lat' dir='ltr'>rebus</span> <span class='ocrx_word' id='word_1_173' title='bbox 193 2356 238 2416; x_wconf 86' lang='lat' dir='ltr'>ita</span> <span class='ocrx_word' id='word_1_174' title='bbox 256 2359 364 2432; x_wconf 82' lang='lat' dir='ltr'>tamen,</span> <span class='ocrx_word' id='word_1_175' title='bbox 387 2360 423 2416; x_wconf 94' lang='lat' dir='ltr'>ut</span> <span class='ocrx_word' id='word_1_176' title='bbox 441 2356 561 2416; x_wconf 80' lang='lat' dir='ltr'>difficile</span> <span class='ocrx_word' id='word_1_177' title='bbox 581 2357 620 2417; x_wconf 86' lang='lat' dir='ltr'>sit</span> <span class='ocrx_word' id='word_1_178' title='bbox 638 2356 719 2416; x_wconf 90' lang='lat' dir='ltr'>dictu</span> <span class='ocrx_word' id='word_1_179' title='bbox 737 2359 806 2415; x_wconf 90' lang='lat' dir='ltr'>uter</span> <span class='ocrx_word' id='word_1_180' title='bbox 820 2356 864 2432; x_wconf 86' lang='lat' dir='ltr'>sit</span> <span class='ocrx_word' id='word_1_181' title='bbox 881 2355 1100 2431; x_wconf 86' lang='lat' dir='ltr'>praeferendus.</span> 
     </span>
     <span class='ocr_line' id='line_1_22' title="bbox 97 2437 1113 2522; baseline 0.003 -24"><span class='ocrx_word' id='word_1_182' title='bbox 97 2437 194 2517; x_wconf 87' lang='lat' dir='ltr'>ltaque</span> <span class='ocrx_word' id='word_1_183' title='bbox 212 2445 366 2522; x_wconf 87' lang='lat' dir='ltr'>utriusque</span> <span class='ocrx_word' id='word_1_184' title='bbox 384 2447 531 2506; x_wconf 86' lang='lat' dir='ltr'>rationem</span> <span class='ocrx_word' id='word_1_185' title='bbox 549 2446 717 2505; x_wconf 90' lang='lat' dir='ltr'>habendam</span> <span class='ocrx_word' id='word_1_186' title='bbox 735 2465 798 2505; x_wconf 89' lang='lat' dir='ltr'>esse</span> <span class='ocrx_word' id='word_1_187' title='bbox 813 2441 891 2503; x_wconf 85' lang='lat' dir='ltr'>du&#39;xi.</span> <span class='ocrx_word' id='word_1_188' title='bbox 925 2443 1011 2504; x_wconf 78' lang='lat' dir='ltr'>Certe</span> <span class='ocrx_word' id='word_1_189' title='bbox 1026 2445 1113 2510; x_wconf 81' lang='lat' dir='ltr'>alter¹</span> 
     </span>
     <span class='ocr_line' id='line_1_23' title="bbox 99 2526 1100 2612; baseline 0 -22"><span class='ocrx_word' id='word_1_190' title='bbox 99 2526 131 2585; x_wconf 70' lang='lat' dir='ltr'>ab</span> <span class='ocrx_word' id='word_1_191' title='bbox 154 2534 245 2595; x_wconf 89' lang='lat' dir='ltr'>altero</span> <span class='ocrx_word' id='word_1_192' title='bbox 267 2555 327 2595; x_wconf 92' lang='lat' dir='ltr'>non</span> <span class='ocrx_word' id='word_1_193' title='bbox 350 2535 423 2595; x_wconf 89' lang='lat' dir='ltr'>adeo</span> <span class='ocrx_word' id='word_1_194' title='bbox 446 2535 596 2612; x_wconf 84' lang='lat' dir='ltr'>discrepat</span> <span class='ocrx_word' id='word_1_195' title='bbox 614 2539 704 2612; x_wconf 89' lang='lat' dir='ltr'>atque</span> <span class='ocrx_word' id='word_1_196' title='bbox 724 2535 761 2594; x_wconf 90' lang='lat' dir='ltr'>ab</span> <span class='ocrx_word' id='word_1_197' title='bbox 781 2555 796 2593; x_wconf 89' lang='lat' dir='ltr'>e</span> <span class='ocrx_word' id='word_1_198' title='bbox 816 2537 846 2594; x_wconf 89' lang='lat' dir='ltr'>et</span> <span class='ocrx_word' id='word_1_199' title='bbox 863 2534 883 2592; x_wconf 87' lang='lat' dir='ltr'>f.</span> <span class='ocrx_word' id='word_1_200' title='bbox 919 2534 955 2592; x_wconf 86' lang='lat' dir='ltr'>ln</span> <span class='ocrx_word' id='word_1_201' title='bbox 973 2537 1100 2608; x_wconf 69' lang='lat' dir='ltr'>unoque</span> 
     </span>
     <span class='ocr_line' id='line_1_24' title="bbox 100 2617 1101 2703; baseline 0.001 -24"><span class='ocrx_word' id='word_1_202' title='bbox 100 2617 171 2679; x_wconf 71' lang='lat' dir='ltr'>enim</span> <span class='ocrx_word' id='word_1_203' title='bbox 192 2645 220 2682; x_wconf 90' lang='lat' dir='ltr'>n.</span> <span class='ocrx_word' id='word_1_204' title='bbox 238 2625 300 2684; x_wconf 89' lang='lat'>180</span> <span class='ocrx_word' id='word_1_205' title='bbox 323 2628 402 2684; x_wconf 89' lang='lat' dir='ltr'>recte</span> <span class='ocrx_word' id='word_1_206' title='bbox 424 2625 538 2703; x_wconf 84' lang='lat' dir='ltr'>legitur</span> <span class='ocrx_word' id='word_1_207' title='bbox 559 2625 737 2698; x_wconf 84' lang='lat' dir='ltr'>Isauriae,</span> <span class='ocrx_word' id='word_1_208' title='bbox 760 2624 812 2682; x_wconf 90' lang='lat' dir='ltr'>ubi</span> <span class='ocrx_word' id='word_1_209' title='bbox 831 2643 846 2682; x_wconf 92' lang='lat' dir='ltr'>e</span> <span class='ocrx_word' id='word_1_210' title='bbox 866 2627 896 2684; x_wconf 91' lang='lat' dir='ltr'>et</span> <span class='ocrx_word' id='word_1_211' title='bbox 913 2623 929 2681; x_wconf 88' lang='lat' dir='ltr'><strong>f</strong></span> <span class='ocrx_word' id='word_1_212' title='bbox 944 2642 1101 2700; x_wconf 88' lang='lat' dir='ltr'>perperam</span> 
     </span>
     <span class='ocr_line' id='line_1_25' title="bbox 74 2707 1100 2790; baseline 0.002 -22"><span class='ocrx_word' id='word_1_213' title='bbox 74 2707 77 2714; x_wconf 75' lang='grc'>’</span> <span class='ocrx_word' id='word_1_214' title='bbox 101 2711 178 2778; x_wconf 84' lang='lat' dir='ltr'>quasi</span> <span class='ocrx_word' id='word_1_215' title='bbox 199 2733 293 2773; x_wconf 88' lang='lat' dir='ltr'>novae</span> <span class='ocrx_word' id='word_1_216' title='bbox 316 2715 484 2790; x_wconf 87' lang='lat' dir='ltr'>provinciae</span> <span class='ocrx_word' id='word_1_217' title='bbox 507 2734 615 2774; x_wconf 90' lang='lat' dir='ltr'>nomen</span> <span class='ocrx_word' id='word_1_218' title='bbox 639 2715 767 2774; x_wconf 88' lang='lat' dir='ltr'>afferunt</span> <span class='ocrx_word' id='word_1_219' title='bbox 790 2713 923 2790; x_wconf 76' lang='lat' dir='ltr'>Syriae.</span> <span class='ocrx_word' id='word_1_220' title='bbox 968 2713 1045 2772; x_wconf 87' lang='lat' dir='ltr'>Item</span> <span class='ocrx_word' id='word_1_221' title='bbox 1067 2712 1100 2770; x_wconf 91' lang='lat' dir='ltr'>in</span> 
     </span>
     <span class='ocr_line' id='line_1_26' title="bbox 98 2797 1101 2879; baseline 0.003 -20"><span class='ocrx_word' id='word_1_222' title='bbox 98 2797 218 2876; x_wconf 76' lang='lat' dir='ltr'>utroque</span> <span class='ocrx_word' id='word_1_223' title='bbox 245 2803 379 2879; x_wconf 84' lang='lat' dir='ltr'>expletur</span> <span class='ocrx_word' id='word_1_224' title='bbox 404 2805 524 2864; x_wconf 89' lang='lat' dir='ltr'>illorum</span> <span class='ocrx_word' id='word_1_225' title='bbox 546 2805 654 2863; x_wconf 90' lang='lat' dir='ltr'>lacuna</span> <span class='ocrx_word' id='word_1_226' title='bbox 678 2805 866 2879; x_wconf 78' lang='lat'>199—201,</span> <span class='ocrx_word' id='word_1_227' title='bbox 895 2803 999 2862; x_wconf 90' lang='lat' dir='ltr'>deinde</span> <span class='ocrx_word' id='word_1_228' title='bbox 1021 2802 1101 2862; x_wconf 91' lang='lat' dir='ltr'>idem</span> 
     </span>
     <span class='ocr_line' id='line_1_27' title="bbox 101 2888 1100 2973; baseline 0.011 -35"><span class='ocrx_word' id='word_1_229' title='bbox 101 2888 141 2943; x_wconf 88' lang='lat' dir='ltr'>est</span> <span class='ocrx_word' id='word_1_230' title='bbox 162 2893 231 2953; x_wconf 91' lang='lat' dir='ltr'>ordo</span> <span class='ocrx_word' id='word_1_231' title='bbox 254 2893 457 2970; x_wconf 87' lang='lat' dir='ltr'>episcoporum</span> <span class='ocrx_word' id='word_1_232' title='bbox 478 2896 651 2955; x_wconf 78' lang='lat' dir='ltr'>ico—192</span> <span class='ocrx_word' id='word_1_233' title='bbox 675 2893 760 2969; x_wconf 90' lang='lat' dir='ltr'>isque</span> <span class='ocrx_word' id='word_1_234' title='bbox 784 2893 916 2973; x_wconf 71' lang='lat' dir='ltr'>diuersus</span> <span class='ocrx_word' id='word_1_235' title='bbox 939 2893 976 2951; x_wconf 92' lang='lat' dir='ltr'>ab</span> <span class='ocrx_word' id='word_1_236' title='bbox 996 2912 1011 2950; x_wconf 88' lang='lat' dir='ltr'>e</span> <span class='ocrx_word' id='word_1_237' title='bbox 1031 2894 1061 2950; x_wconf 90' lang='lat' dir='ltr'>et</span> <span class='ocrx_word' id='word_1_238' title='bbox 1079 2893 1100 2967; x_wconf 85' lang='lat' dir='ltr'>f,</span> 
     </span>
     <span class='ocr_line' id='line_1_28' title="bbox 102 2969 1098 3061; baseline 0.001 -22"><span class='ocrx_word' id='word_1_239' title='bbox 102 2969 217 3055; x_wconf 68' lang='lat' dir='ltr'>deoique</span> <span class='ocrx_word' id='word_1_240' title='bbox 239 2982 415 3061; x_wconf 88' lang='lat' dir='ltr'>ubicumque</span> <span class='ocrx_word' id='word_1_241' title='bbox 438 2984 471 3042; x_wconf 91' lang='lat' dir='ltr'>hi</span> <span class='ocrx_word' id='word_1_242' title='bbox 494 2986 636 3060; x_wconf 88' lang='lat' dir='ltr'>quattuor</span> <span class='ocrx_word' id='word_1_243' title='bbox 659 2982 772 3042; x_wconf 90' lang='lat' dir='ltr'>codices</span> <span class='ocrx_word' id='word_1_244' title='bbox 795 2983 874 3042; x_wconf 91' lang='lat' dir='ltr'>inter</span> <span class='ocrx_word' id='word_1_245' title='bbox 897 3002 927 3042; x_wconf 91' lang='lat' dir='ltr'>se</span> <span class='ocrx_word' id='word_1_246' title='bbox 951 2981 1098 3058; x_wconf 77' lang='lat' dir='ltr'>differunt,</span> 
     </span>
     <span class='ocr_line' id='line_1_29' title="bbox 103 3072 1142 3152; baseline 0.001 -23"><span class='ocrx_word' id='word_1_247' title='bbox 103 3077 208 3145; x_wconf 65' lang='lat' dir='ltr'>Semper</span> <span class='ocrx_word' id='word_1_248' title='bbox 233 3072 294 3131; x_wconf 86' lang='lat' dir='ltr'>fere</span> <span class='ocrx_word' id='word_1_249' title='bbox 317 3093 334 3132; x_wconf 94' lang='lat' dir='ltr'>o</span> <span class='ocrx_word' id='word_1_250' title='bbox 358 3077 387 3132; x_wconf 89' lang='lat' dir='ltr'>et</span> <span class='ocrx_word' id='word_1_251' title='bbox 409 3095 442 3151; x_wconf 79' lang='lat' dir='ltr'>p,</span> <span class='ocrx_word' id='word_1_252' title='bbox 471 3073 533 3134; x_wconf 87' lang='lat' dir='ltr'>sive</span> <span class='ocrx_word' id='word_1_253' title='bbox 558 3075 642 3145; x_wconf 89' lang='lat' dir='ltr'>recta</span> <span class='ocrx_word' id='word_1_254' title='bbox 662 3072 807 3150; x_wconf 85' lang='lat' dir='ltr'>praebent</span> <span class='ocrx_word' id='word_1_255' title='bbox 822 3073 892 3150; x_wconf 84' lang='lat' dir='ltr'>sive</span> <span class='ocrx_word' id='word_1_256' title='bbox 914 3073 1005 3148; x_wconf 77' lang='lat' dir='ltr'>falsa,</span> <span class='ocrx_word' id='word_1_257' title='bbox 1033 3091 1100 3132; x_wconf 89' lang='lat' dir='ltr'>con·</span> <span class='ocrx_word' id='word_1_258' title='bbox 1141 3148 1142 3152; x_wconf 7' lang='grc' dir='ltr'><strong>Ἰ</strong></span> 
     </span>
     <span class='ocr_line' id='line_1_30' title="bbox 102 3155 478 3223; baseline 0.043 -17"><span class='ocrx_word' id='word_1_259' title='bbox 102 3155 223 3220; x_wconf 87' lang='lat' dir='ltr'>sentiunt</span> <span class='ocrx_word' id='word_1_260' title='bbox 244 3165 344 3222; x_wconf 89' lang='lat' dir='ltr'>contra</span> <span class='ocrx_word' id='word_1_261' title='bbox 368 3184 383 3223; x_wconf 92' lang='lat' dir='ltr'>e</span> <span class='ocrx_word' id='word_1_262' title='bbox 407 3167 437 3223; x_wconf 91' lang='lat' dir='ltr'>et</span> <span class='ocrx_word' id='word_1_263' title='bbox 459 3165 478 3222; x_wconf 81' lang='lat' dir='ltr'>f.</span> 
     </span>
    </p>
   </div>
   <div class='ocr_carea' id='block_1_3' title="bbox 482 3375 712 3392">
    <p class='ocr_par' dir='ltr' id='par_1_3' title="bbox 482 3375 712 3392">
     <span class='ocr_line' id='line_1_31' title="bbox 482 3375 712 3392; baseline 0 0"><span class='ocrx_word' id='word_1_264' title='bbox 482 3375 696 3392; x_wconf 47' lang='grc' dir='ltr'>μ-ῄ-</span> <span class='ocrx_word' id='word_1_265' title='bbox 709 3379 712 3382; x_wconf 96' lang='grc'><em>“</em></span> 
     </span>
    </p>
   </div>
   <div class='ocr_carea' id='block_1_4' title="bbox 0 0 1308 3932">
    <p class='ocr_par' dir='ltr' id='par_1_4' title="bbox 0 0 1308 3932">
     <span class='ocr_line' id='line_1_32' title="bbox 0 0 1308 3932; baseline 0 0"><span class='ocrx_word' id='word_1_266' title='bbox 0 0 1308 3932; x_wconf 95' lang='lat' dir='ltr'> </span> 
     </span>
    </p>
   </div>
  </div>
 </body>
</html>
