2596 3932
165 173 255 228 XXVI
375 171 452 227 CAP.
468 171 514 228 IV.
543 170 590 226 DE
609 169 792 228 VERSIONE
812 171 973 227 SYRIACA.

163 341 282 418 saepius
305 347 368 392 mo
391 339 495 402 scribit
520 359 575 416 pro
598 362 634 412 ας
657 343 687 399 et
712 363 758 418 ης,
786 374 802 396 .
817 366 859 387 =
870 341 882 416 j
908 344 938 399 et
962 358 984 405 0
1002 366 1044 388 =
1058 361 1086 400 w
1108 347 1178 417 pro.
1292 359 1293 378 .

163 431 274 490 miscue
297 428 434 488 adhibuit
455 437 509 506 pro
529 452 540 488 ι
558 431 588 488 et
606 432 703 488 veto.
740 429 868 490 Maxime
891 449 960 489 vero
985 449 1020 489 eo
1044 430 1123 490 inter
1146 448 1177 490 se

163 519 340 594 discrepant,
363 517 443 594 quod
460 519 493 578 in
511 515 531 594 d
549 518 670 578 nomina
689 519 799 594 optime
818 520 889 578 sunt
907 523 1034 593 servata,
1058 537 1127 578 cum
1144 519 1178 578 in

161 607 311 668 Ebediesu
339 608 477 684 catalogo
510 606 584 668 adeo
614 607 675 666 sint
701 610 853 684 corrupta,
884 611 919 667 ut
945 607 981 666 A.
998 607 1098 667 Maius
1127 608 1177 668 de·

163 700 296 773 speraret
323 714 359 755 ea
385 697 456 755 ullis
483 696 662 756 comeotun‘s
689 695 729 755 ad
749 697 885 772 aliquam
907 697 1067 756 samtatem
1089 715 1177 773 posse

161 787 303 846 revocari.
349 785 463 844 Multae
491 788 521 844 et
548 784 668 844 additae
696 787 766 846 sunt
792 786 910 845 litterae
939 790 969 845 et
995 785 1175 862 exciderunt,

157 876 307 952 ,imprimis
330 911 353 935 a
369 899 411 922 --·
422 875 450 951 j,
472 873 597 933 minima
620 873 765 950 Syrorum
786 873 897 950 littera,
920 875 1032 950 passim
1052 876 1175 934 litterae

161 965 272 1024 similes
295 964 374 1024 inter
391 982 423 1022 se
442 966 511 1022 sunt
528 963 717 1039 permutatae
735 963 818 1022 velut
839 955 929 1032 l='
950 967 980 1022 et
998 968 1007 1032 l
1022 989 1065 1012 =
1080 985 1103 1040 z,
1127 965 1175 1025 vel

161 1055 265 1130 ..=j
290 1057 448 1115 etr=n
472 1051 639 1127 etX=l‚
663 1051 711 1111 vel
734 1049 835 1114 i=r
858 1053 1022 1122 et.2=d.

249 1143 355 1218 Neque
373 1143 474 1200 tamen
491 1159 612 1216 prorsus
630 1140 846 1215 desperandum
864 1143 917 1200 est.
951 1141 1075 1217 Saepius
1095 1142 1176 1202 enim

160 1233 192 1291 in
215 1232 256 1291 eis
280 1250 354 1307 quos
378 1229 430 1288 ille
453 1248 513 1288 non
535 1228 612 1289 vidit
634 1229 782 1288 codicibus
805 1231 888 1289 recta
910 1229 1103 1290 inveniuntur
1125 1232 1175 1290 vel

161 1321 278 1381 collatis
307 1319 443 1379 omnibus
470 1318 549 1376 inter
571 1335 602 1376 se
625 1321 745 1378 etcum
769 1318 874 1379 ceteris
896 1318 1042 1378 indicibus
1065 1338 1173 1398 cogno·

161 1411 253 1470 scitur
279 1409 352 1484 quid
373 1408 435 1484 legi
456 1407 586 1467 voluerit
607 1407 742 1484 scriptor.
787 1408 893 1484 Itaque
917 1407 1009 1468 etiam
1030 1408 1082 1468 ubi
1105 1427 1175 1468 oon·

161 1499 295 1558 sentiunt
317 1515 417 1557 omnes
440 1496 532 1572 paulo
556 1495 696 1556 audacius
719 1497 865 1557 nonnulla
883 1499 1006 1557 conatus
1026 1516 1090 1556 sum
1108 1517 1173 1556 mu-

159 1591 224 1646 tare
252 1606 346 1662 neque
374 1604 443 1644 voro
467 1585 529 1644 alia
552 1604 642 1660 quam
665 1604 741 1662 quae
768 1586 873 1662 putavi
901 1589 955 1645 aut
980 1585 1096 1646 librarii
1119 1589 1174 1646 aut

160 1675 312 1752 scriptoris
338 1674 454 1750 Syriaci
480 1675 567 1749 culpa
595 1693 657 1733 esse
685 1679 832 1751 corrupta.
878 1675 990 1734 Addidi
1016 1679 1172 1752 praeterea

158 1764 418 1840 transcriptionem
441 1763 658 1824 obversionem
681 1763 828 1824 Latinam.

193 1860 195 1866 '
248 1853 307 1913 Sed
332 1873 370 1913 ne
396 1853 509 1912 iustum
536 1852 657 1912 modum
679 1854 833 1913 excederet
856 1855 1018 1929 apparatus
1042 1853 1171 1930 criticus,

159 1944 246 2003 certis
274 1943 367 2020 signis
394 1961 464 2002 usus
492 1950 569 2017 sum,
597 1943 704 2018 quibus
727 1943 921 2017 indicaretur,
949 1961 1097 2018 quaenam
1120 1943 1172 2002 ad·

158 2033 254 2091 hibita
272 2034 370 2091 essent
387 2031 526 2094 remedia.
562 2031 669 2106 Itaque
687 2050 763 2107 quae
779 2035 832 2090 aut
845 2031 981 2090 addenda
994 2031 1173 2091 videbantur

159 2123 212 2179 aut
230 2120 371 2194 eicienda,
390 2119 473 2177 uncis
491 2119 588 2177 solitis
604 2119 719 2178 inclusi.
757 2119 898 2189 Quotiens
918 2149 941 2173 u
953 2121 1014 2195 =j
1030 2123 1061 2179 et
1073 2128 1087 2171 J
1099 2141 1172 2179 =n

159 2215 242 2268 ame
265 2209 297 2266 in
319 2207 487 2266 nominibus
502 2206 637 2282 Syriacis
661 2211 730 2266 sunt
750 2210 936 2284 permutatae
955 2209 1003 2268 vel
1026 2209 1122 2284 2=d
1141 2213 1173 2269 et

159 2295 230 2356 ÷=
244 2317 272 2372 r,
299 2296 451 2372 litteraej
476 2298 512 2354 et
528 2315 548 2353 n
575 2296 624 2354 vel
647 2296 666 2354 d
689 2299 756 2356 etr
783 2297 943 2356 inclinatae
971 2297 1112 2374 leguntur
1139 2298 1172 2358 in

157 2385 394 2461 transcriptione.
439 2384 542 2446 Huius,
564 2384 680 2461 generis
706 2404 818 2445 errores
842 2386 867 2446 si
890 2386 921 2446 in
943 2389 1029 2461 peste
1051 2389 1172 2447 tantum

158 2475 292 2534 codicum
322 2474 424 2534 inveni
455 2473 532 2534 sicut
563 2474 624 2532 alia
656 2493 733 2549 quae
765 2475 887 2534 minoris
914 2475 1057 2534 momenti
1084 2480 1172 2536 erant

157 2565 331 2640 plerumque
360 2563 486 2641 neglexi.
532 2561 613 2632 Quae
629 2563 687 2621 ·his
714 2564 851 2623 remediis
878 2563 1036 2624 lenissimis
1070 2566 1171 2625 sanari

158 2673 218 2713 non
240 2655 409 2728 potuerunt,
433 2652 489 2711 etsi
512 2655 590 2712 certe
613 2651 690 2711 falsa
713 2671 775 2711 esse
798 2653 936 2728 iudicavi,
959 2656 1086 2730 utroque
1104 2655 1170 2714 loco

109 2747 112 2758 ’
157 2742 255 2817 recepi
282 2745 372 2817 atque
395 2741 469 2800 adeo
491 2741 598 2816 repetii
620 2740 653 2798 in
674 2741 809 2800 versione
831 2741 953 2817 Latina,
981 2746 1014 2801 at
1036 2743 1067 2801 in
1090 2744 1171 2804 notis

158 2830 220 2890 dixi
242 2830 323 2906 quod
340 2849 448 2890 nomen
466 2829 690 2906 significaretur.
726 2829 832 2890 Vorsio
851 2831 950 2906 quoad
968 2831 1032 2890 fieri
1050 2835 1170 2908 poterat

158 2920 296 2996 congruit
332 2938 399 2980 oum
434 2911 573 2978 contextu
606 2917 728 2994 Syriaco
761 2938 779 2977 a
810 2939 856 2978 me
889 2922 1017 2995 recepto.
1068 2921 1170 2980 Etiam

159 3008 286 3068 Graecas
313 3008 437 3084 formas,
465 3026 539 3084 quas
563 3005 655 3082 Syrus
677 3007 814 3084 retinuit,
841 3009 965 3067 retinui:
994 3009 1089 3068 solum
1116 3009 1170 3068 ubi

158 3099 208 3158 ille
231 3097 363 3173 syllabas
385 3097 490 3156 finales
512 3096 649 3170 mutavit,
673 3097 804 3172 genetivi
826 3096 928 3156 Latini
950 3097 1061 3157 formas
1084 3117 1170 3173 prae·

157 3188 225 3246 bore
248 3189 372 3246 conatus
395 3205 468 3248 sum
1003 3239 1007 3249 ,

245 3276 281 3334 In
312 3275 410 3351 priore
441 3275 537 3334 indice
570 3273 682 3332 edendo
716 3273 827 3350 optime
844 3278 977 3336 'serrato
1006 3277 1170 3351 apparatus

157 3365 252 3424 critici
275 3363 503 3440 amplitudinem
525 3362 649 3421 nimiam
671 3382 731 3422 non
750 3362 901 3438 timebam,
924 3367 1026 3422 tamen
1045 3363 1170 3423 eandem

156 3453 237 3513 viam
260 3453 410 3530 ingressus
433 3471 505 3512 sum.
547 3451 673 3527 Utrique
696 3450 787 3510 indici
809 3471 947 3511 numeros
970 3454 1033 3529 ipse
1058 3452 1168 3512 addidi.
