2596 3932
355 211 431 268 CAP.
450 207 497 272 III.
529 207 578 268 DE
594 207 778 269 VERSIONE
798 207 957 268 COPTIGA.
1099 207 1163 266 XXI

130 382 228 458 dedi,
250 385 287 441 ut
308 381 341 439 in
363 372 439 440 libro
463 382 574 458 scripto
597 379 687 440 citat.
732 381 812 440 Vera
834 380 914 440 enim
934 379 1056 441 nomina
1078 397 1163 455 repo·

149 485 220 530 nere
247 471 336 530 facile
363 471 423 530 fuit
449 471 616 548 negotium
645 471 696 530 sed
721 470 887 546 periculum
910 463 1102 530 subiissemus
1124 487 1162 528 ne

151 559 283 620 auctoris
305 559 400 636 ipsius
422 552 514 620 verba
537 559 768 619 emendaremus.
808 558 845 616 In
867 559 1001 636 margine
1022 558 1162 618 inferiore

148 659 289 709 numeros
308 647 437 726 catalogi
460 663 528 710 curn
547 648 653 708 (irasci
670 644 723 726 (V)
741 647 790 708 vel
809 663 843 706 eo
863 647 1016 706 deficiente
1031 647 1164 708 valiorum

150 738 283 798 numeris
311 739 477 814 composui,
505 739 550 797 ita
576 740 613 796 at
639 738 733 796 lector
759 737 847 796 tboile
874 736 953 796 unde
975 751 1032 795 sua
1053 736 1163 795 habeat

150 830 257 888 auctor
280 844 454 904 cognoscere
474 825 578 904 possit.

238 917 370 975 Numero
389 915 563 976 Vindicem
581 915 738 990 Venatum,
757 909 802 972 VI
820 911 1000 975 Vaticanum
1017 917 1164 998 notamus.

551 1139 764 1152 ——t-nh-u—

580 1325 663 1412 Osp.
686 1325 743 1392 Ill.

419 1555 421 1562 y
466 1465 686 1537 beverstane
710 1465 850 1558 Coptica.

242 1626 417 1691 Versionem
438 1624 591 1701 Copticum
612 1623 719 1685 indicis
741 1625 868 1704 Nicaeni
891 1624 1003 1684 detexit
1022 1622 1167 1701 Georgius

153 1716 261 1793 Zoega
309 1714 386 1774 Sunt
413 1715 487 1774 folia
512 1733 620 1775 novem
646 1716 746 1774 lacera
767 1713 865 1774 Musei
886 1712 1032 1791 Bongiani
1058 1713 1167 1789 quibus

153 1805 252 1864 editor
269 1819 427 1863 numerum
440 1803 533 1863 GLIX
545 1803 690 1879 praefixit.
729 1802 889 1863 &atinent
901 1803 1018 1879 partem
1029 1805 1168 1860 actorum

151 1893 355 1953 Nioacncrum
368 1895 399 1952 et
411 1893 539 1952 indicem
551 1895 673 1968 patrum
685 1893 736 1952 cui
751 1892 819 1952 finis
833 1891 916 1951 deest
929 1887 979 1969 (of.
994 1891 1166 1967 catalogum

153 1982 290 2042 codicum
305 1981 496 2058 Coptioorum
508 1981 777 2057 manuscriptorum
791 1981 845 2058 qui
857 1977 890 2039 in
902 1977 1005 2040 Museo
1015 1977 1164 2057 Bongiana

25 2085 26 2088 ’
152 2071 278 2131 Velitris
288 2071 484 2132 adservantur
492 2074 615 2130 auctore
625 2069 753 2149 Georgio
762 2069 1167 2148 ZotgaDanollomaelsslb

153 2179 183 2237 p.
200 2163 262 2219 242
275 2157 340 2239 aa).
386 2160 459 2220 Post
481 2163 607 2220 mortem
630 2159 775 2236 Stephani
798 2157 957 2219 cardinalis
979 2155 1091 2236 Bon-gia
1113 2157 1167 2216 lite

155 2252 222 2310 orta
249 2250 328 2308 inter
344 2249 475 2308 beredes
498 2252 529 2308 et
552 2249 813 2327 congregationem
836 2249 872 2308 de
894 2246 1089 2326 propaganda
1110 2246 1168 2306 fide

154 2326 403 2414 pacto'consenit,
421 2342 458 2397 ut
475 2355 544 2414 pars
564 2337 698 2398 codicum
716 2337 949 2416 congregationi,
967 2355 1036 2412 pars
1054 2336 1168 2394 heredi·

154 2426 211 2486 bus
221 2427 445 2486 adiudicaretur
454 2427 507 2503 qui
515 2426 607 2486 libros
616 2426 775 2502 Neapolim
784 2426 990 2486 vendiderunt.
1014 2423 1168 2502 Eugenius

154 2513 317 2591 Revillout,
335 2513 382 2575 vir
396 2515 432 2574 de
452 2516 526 2595 actis
541 2515 658 2575 concilii
671 2515 797 2575 Nicaeni
811 2514 942 2591 Ooptiois
957 2513 1068 2590 optimc
1082 2513 1168 2572 meri·

154 2608 214 2680 tua,
232 2605 361 2680 Neapoli
378 2605 410 2663 in
426 2604 606 2664 bibliotheca
624 2603 771 2664 nationali
790 2604 916 2663 alteram
929 2606 1047 2680 partem
1061 2602 1168 2661 codicis

154 2693 296 2769 repperit,
315 2712 404 2769 quem
422 2693 484 2752 iam
498 2693 596 2769 Zotga
610 2693 805 2770 descripserat
819 2688 878 2772 (est
892 2692 983 2752 codex
997 2690 1169 2751 ccxxxix

156 2782 192 2842 cf.
212 2782 310 2859 Zocga
332 2782 351 2839 l.
372 2801 394 2840 c.
414 2802 442 2857 p.
463 2779 686 2860 573)3,uerum
713 2782 812 2843 virum
840 2783 961 2842 doctum
987 2780 1068 2858 fugIt
1095 2781 1169 2839 haec

155 2889 276 2947 quoque
303 2871 473 2946 fragmenta
501 2870 540 2928 ad
567 2874 635 2930 acta
657 2870 791 2931 Nicaena
814 2871 851 2930 ab
875 2871 939 2948 ipso
963 2870 1081 2929 detecta
1103 2889 1169 2945 per·

68 3025 71 3032 Ι
154 2960 259 3019 tinere.
296 2957 411 3029 Quibus
433 2959 609 3036 fragmentis
629 2960 709 3020 inter
727 2977 758 3020 se
777 2960 948 3038 compositis
966 2960 1001 3020 Ε.
1015 2959 1168 3019 Revillout

153 3049 266 3107 librum
284 3048 345 3108 iere
363 3051 463 3107 totum
481 3048 639 3108 restituere
656 3050 764 3126 potuit.
801 3050 879 3110 Acta
892 3069 963 3110 vero
976 3049 1031 3107 illa
1045 3046 1169 3124 Coptica

154 3157 215 3196 non
238 3140 308 3196 sunt
331 3137 448 3196 concilii
466 3135 600 3212 Nicaani,
624 3137 675 3196 sed
698 3139 803 3214 synodi
827 3158 844 3197 a
863 3135 892 3196 S.
906 3136 1074 3197 Athanasio
1097 3154 1123 3194 a.
1138 3156 1166 3211 p.

154 3226 222 3286 (ihr.
237 3246 265 3284 n.
280 3224 355 3284 362-
363 3225 494 3301 habitae,
517 3244 579 3301 qua
596 3226 669 3286 fides
686 3225 820 3300 Nicaena
836 3226 1022 3286 sollemniter
1039 3225 1168 3300 repetita

155 3319 186 3374 et
207 3315 265 3374 rite
288 3315 480 3392 promulgata
498 3318 551 3374 est.
592 3313 706 3374 Eadem
724 3317 792 3374 acta
810 3311 935 3391 Coptica
952 3313 1076 3390 praebet
1093 3313 1170 3372 liber

154 3403 348 3464 'laurinensis
375 3406 527 3463 vetustate
554 3404 651 3462 multo
678 3404 879 3480 praestantior
903 3421 994 3478 quem
1017 3405 1048 3460 et
1069 3402 1170 3478 ipsum

122 3491 189 3551 'mil
203 3493 358 3552 Revillout
380 3492 412 3550 in
434 3493 532 3552 lucem
555 3493 690 3568 protulit.
731 3492 825 3552 Nobis
848 3507 918 3552 vero
941 3490 1055 3549 nullius
1078 3489 1170 3567 pretii
1250 3565 1252 3570 ,

155 3585 213 3657 est,
243 3597 310 3640 oum
336 3585 459 3657 patrum
483 3582 605 3641 nomina
627 3601 686 3642 non
708 3581 859 3657 praebeat
905 3579 1020 3656 Zoegee
1043 3579 1120 3638 liber
1142 3575 1170 3634 X
