2596 3932
386 193 588 251 VERSIONES
605 195 834 252 INTERCEDIT.
1026 197 1115 252 XLIII

96 365 225 422 afferam.
264 364 389 422 Praesul
403 364 636 440 Lycopolitanus
653 365 685 422 in
704 365 788 424 libris
806 365 985 424 recensionis
1003 364 1113 442 prioris

97 451 257 512 Olusianus
282 453 305 526 Ι,
328 453 508 512 Volusianus
530 454 570 527 Π,
594 452 749 526 Λυσιανός
772 455 808 530 V,
833 448 1004 530 'wlwsjnws
1027 455 1111 528 VHI,

96 533 183 618 'lsjws
208 542 269 617 IX,
293 542 454 602 Alusianos
476 543 520 600 XI
542 543 724 619 appellatum
750 543 846 602 altera
868 544 999 603 recensio
1023 543 1114 602 habet

96 629 257 690 Plusianus
277 631 333 706 111,
351 631 403 706 IV,
426 632 583 690 Plusiancs
601 633 668 690 Vll.
704 632 836 691 Dubium
854 651 916 691 esse
935 651 995 691 non
1013 635 1114 708 potest

96 720 166 795 quin
193 720 287 779 homo
311 720 479 797 Aegyptius
504 721 724 780 accuratissime
747 721 783 780 de
805 721 1014 799 indigenarum
1036 721 1113 780 anti·

97 809 199 867 stitum
230 809 403 868 nominibus
433 811 554 869 edoctus
581 829 682 870 veram
709 809 837 869 nominis
866 811 993 869 formam
1020 810 1113 868 tradi·

96 897 179 956 derit.
228 898 355 958 Accedit
387 899 466 974 quod
496 903 526 958 et
557 899 589 956 in
615 899 776 958 Athanasii
806 901 884 975 apol.
904 918 927 958 c.
946 897 1049 957 Arian.
1070 901 1110 958 69

95 987 234 1063 episcopo
254 1007 363 1046 nomen
380 986 566 1060 Πλουσιανός
587 991 639 1046 est.
676 989 739 1047 Nec
756 1007 817 1047 non
832 987 929 1046 Gazae
948 987 1112 1064 episcopua,

95 1075 125 1132 in
147 1077 218 1136 aliis
244 1076 332 1136 libris
356 1077 492 1136 omnibus
514 1077 671 1153 Asclepius
694 1078 877 1154 nominatus,
905 1078 937 1135 in
959 1075 1043 1135 libris
1065 1076 1113 1134 HI

96 1167 124 1222 et
136 1165 198 1223 VII
216 1164 363 1241 Asclepas
382 1165 498 1224 dicitur.
536 1165 617 1236 Quae
635 1167 764 1226 nominis
781 1167 878 1226 forma
895 1166 1005 1224 iterum
1018 1166 1112 1224 Atha·

94 1253 171 1312 nasii
200 1253 374 1314 testimonio
399 1255 603 1332 confirmatum
632 1255 667 1314 of.
692 1256 830 1333 apologia
854 1257 889 1314 de
917 1255 990 1332 fuga
1014 1274 1057 1331 cp.
1079 1257 1112 1314 3:

96 1341 173 1414 Γάζα
195 1337 238 1403 δι’
252 1336 431 1422 Ἀσκληπᾶν,
453 1343 522 1403 hist.
536 1343 673 1404 Arianor.
694 1364 737 1420 cp.
754 1347 786 1404 5:
810 1341 876 1405 aa
895 1343 974 1428 Γάζῃ
991 1336 1113 1422 Ἀσκλη-

97 1441 167 1510 aar,
191 1433 228 1492 cf.
254 1433 332 1508 apol.
352 1451 375 1491 c.
394 1431 496 1492 Arian.
517 1453 561 1508 cp.
581 1435 636 1509 443
656 1435 707 1492 47.
817 1486 819 1489 .

184 1519 296 1581 Omnes
315 1521 385 1580 libri
398 1525 518 1598 praeter
531 1522 672 1581 Latinam
684 1522 831 1581 familiam
844 1522 888 1580 IV
908 1541 986 1598 quae
1000 1523 1111 1581 multos

97 1612 249 1684 praesules
270 1611 384 1670 omittit
401 1611 557 1670 undecimo
575 1611 710 1670 Isauriae
729 1612 794 1671 loco
814 1611 1001 1670 Theodorum
1017 1611 1112 1670 Uasa-

99 1697 202 1758 dorum
223 1701 396 1777 episcopum
414 1703 543 1775 ponunt,
562 1700 680 1758 nomine
696 1701 798 1776 oppidi
815 1700 935 1759 barbari
950 1703 980 1759 et
994 1700 1111 1759 obscuri

97 1787 177 1847 varie
206 1791 355 1865 corrupto.
401 1789 484 1847 Idem
511 1807 618 1848 nomen
645 1788 677 1846 in
702 1789 760 1847 fine
787 1789 957 1864 provinciae
980 1788 1110 1846 Pisidiae

99 1879 238 1956 occurrit3
266 1878 313 1936 ΙΠ
340 1880 371 1936 et
397 1878 442 1936 IV
468 1878 577 1954 quibus
606 1877 769 1936 assentitur
796 1877 974 1936 recensionis
1002 1877 1110 1952 prioris

100 1966 182 2026 testis
205 1967 386 2044 praecipuus
408 1967 452 2042 Π,
475 1967 599 2026 habent:

66 2051 68 2054 ⁴
311 2055 482 2115 Theodorus
505 2056 627 2116 Useusis
651 2051 718 2133 (Uis
741 2051 798 2134 IV)
840 2089 842 2095 ·

311 2144 399 2204 Adon
421 2145 514 2221 Lycia
537 2142 660 2223 (Byciae
683 2145 726 2220 Π,
749 2143 858 2220 Lycius
882 2141 949 2223 111).

185 2235 293 2294 Versio
309 2233 431 2310 Coptica
446 2230 530 2312 (VH)
550 2237 580 2293 et
595 2233 683 2310 Syria
696 2234 943 2294 Nestorianorum
957 2228 1024 2312 (IX)
1040 2233 1112 2292 ulti-

102 2338 181 2380 mum
196 2320 328 2383 Pisidiae
346 2323 515 2399 praesulem
529 2324 717 2382 Theodorum
727 2323 801 2382 Usin
812 2315 971 2404 (’ws’dwn)
986 2322 1111 2398 faciunt,

102 2405 209 2484 Lyciae
228 2413 358 2488 primum
375 2412 511 2471 Adonem
529 2411 647 2488 Lyciae.
684 2413 858 2472 Rectissime
876 2430 946 2472 vero
966 2408 999 2472 O.
1016 2409 1111 2471 Guntz

103 2501 237 2578 coniecit,
270 2501 456 2561 scribendum
487 2520 549 2560 esse
578 2501 765 2560 Theodorum
791 2500 921 2560 Usadon.
969 2498 1110 2570 Quamvis

103 2592 205 2649 notum
231 2591 271 2650 sit
293 2591 336 2648 IV
358 2609 386 2666 p.
407 2589 473 2649 Chr.
492 2611 520 2648 n.
545 2591 663 2650 saeculo
686 2590 867 2649 Asianarum
890 2589 1112 2666 provinciarum

104 2673 171 2738 fines
191 2699 279 2756 saepe
297 2682 430 2739 mutatas
450 2698 521 2762 esse,
539 2682 640 2738 tamen
654 2679 783 2755 Uasada,
801 2679 872 2738 urbs
886 2678 988 2738 Iconio
1004 2678 1111 2756 vicina,

105 2781 265 2846 numquam
282 2769 415 2828 Isauriae
438 2769 530 2828 fuisse
553 2771 660 2844 potest.
701 2769 816 2828 Auctor
838 2787 908 2829 vero
931 2767 1037 2828 indicis
1058 2768 1112 2828 Ni-

106 2859 184 2916 caeni
203 2858 306 2917 cadem
323 2857 444 2917 nomina
461 2877 515 2933 per
531 2858 764 2934 imprudentiam
778 2857 928 2917 interdum
941 2857 986 2918 bis
1001 2857 1111 2934 posuit.

108 2939 283 3024 Strategius,
310 2950 346 3006 ut
369 2948 502 3022 exemplo
525 2949 608 3022 utar,
635 2947 864 3022 HephaestiadIs
889 2947 1057 3024 episcopus,
1082 2947 1112 3004 et

107 3029 179 3093 inter
206 3037 358 3095 insulanos
382 3039 412 3095 et
435 3035 564 3096 Achisos
587 3035 738 3112 praesules
762 3039 939 3096 recensetur.
985 3036 1021 3094 Iu
1044 3052 1110 3110 pro·

108 3121 200 3184 vincia
225 3124 328 3184 Cilicia
350 3125 508 3184 Narcissus
530 3125 576 3184 bis
599 3125 729 3201 ponitur,
754 3125 838 3184 cuius
862 3124 932 3184 urbs
952 3122 1110 3184 Neronias·

107 3205 267 3290 Irenupolis
294 3214 391 3290 priore
414 3215 479 3274 loco
506 3213 644 3290 antiquo,
673 3214 767 3274 altero
791 3213 902 3273 recenti
925 3211 1043 3272 nomine
1066 3229 1111 3272 rc·

109 3306 245 3362 censetur.
284 3302 326 3362 Of.
337 3303 510 3363 Theodoret.
521 3303 589 3362 hist.
600 3303 726 3362 ccclesI
742 3305 774 3362 7:
794 3299 1013 3381 ὁΝερωνιάδος
1029 3298 1112 3382 Νάρ-

109 3405 209 3464 κισσος.
253 3391 388 3464 Κιλικίας
414 3388 446 3452 δὲ
469 3399 521 3470 τῆς
544 3388 679 3473 δευτέρας
703 3390 857 3472 Νερωνιάς
880 3386 938 3450 ἔστι
961 3387 1046 3464 πόλις
1072 3384 1111 3468 ἣν

109 3484 160 3538 νῦν
182 3480 402 3561 Εἰρηνούιιολιν
431 3478 633 3560 ὀνομάζουσιν.
679 3479 797 3540 Pariter
825 3475 978 3552 archetypi
1007 3479 1113 3538 auctor

111 3561 287 3630 Theodorum
296 3570 484 3630 Uasadorum
498 3569 614 3628 duabus
629 3568 795 3646 assignasse
810 3563 968 3644 provinciis
985 3563 1110 3626 videtur.

1048 3868 1132 3884 ᾗ
