2596 3932
171 201 288 256 XXXVI
371 199 448 256 CAP.
460 199 507 255 VI.
539 198 587 254 DE
605 197 788 254 VERSIONE
806 197 984 253 ARMENIA.

173 370 276 428 kharis
296 370 359 427 133
378 367 525 444 Prokopis
547 388 610 426 mn.
649 367 707 426 Sed
724 365 897 426 terminatio
917 389 944 438 ις
962 386 1016 443 pro
1035 389 1080 439 ιος
1100 367 1196 426 etiam

177 459 257 534 apud
275 458 400 517 seriores
419 456 547 518 Greeoos
566 457 695 516 ooeunit
718 452 782 534 (eir.
797 454 974 515 Hutzidakis
996 456 1074 516 Einl.
1092 455 1125 514 in
1144 456 1195 514 die

175 567 278 625 neugr.
289 545 476 606 Grammatilr
489 567 518 622 p.
530 547 593 604 314
602 565 679 622 sqq.;
695 547 841 621 317sqq.;
856 544 997 604 Leontios
1010 566 1037 605 v.
1047 545 1195 622 Neapolis

173 635 274 694 Leben
287 635 339 695 des
348 636 415 694 hld
416 636 547 696 ohannes
559 656 587 694 u.
597 635 681 693 Alex.
691 635 827 712 herausg.
837 653 897 694 von
905 633 943 692 H.
950 633 1055 693 Gelzer
1067 655 1096 710 p.
1104 630 1193 710 196).

176 724 344 803 Gorgonius
354 724 563 802 Apolloniadis
576 717 619 782 XI
631 726 695 784 190
708 744 728 800 y
739 723 942 800 Apolonidose
951 719 1074 801 (kimn)
1089 724 1194 800 appel·

175 814 265 890 latur,
284 814 364 891 quod
382 833 418 872 ex
432 813 519 890 Syrio
535 805 711 890 ’p'lwnjdws
730 812 876 889 explicere
895 812 963 888 quis
982 816 1117 889 oonetur3
1141 813 1196 874 ssd

176 903 327 963 refellitur
344 904 417 962 haee
436 901 537 980 opinio
557 901 663 978 optimi
681 901 790 962 eodieis
804 901 943 961 leetione:
962 901 1195 978 Apoloniadose.

176 993 220 1050 XI
237 995 298 1053 169
323 992 460 1072 Agapius
489 990 641 1050 Seleuciae
669 991 825 1066 episeopus
850 990 984 1072 Agapios
1012 990 1103 1050 Slolre
1130 991 1194 1050 fere

169 1081 314 1141 *omnibus
341 1080 551 1139 Armeniorum
581 1079 678 1138 libris·
698 1082 744 1138 est
771 1097 848 1155 quae
878 1079 1006 1140 nominis
1033 1080 1130 1140 forma
1159 1099 1195 1139 ex

179 1168 267 1245 Syria
290 1163 392 1247 Slwlj’
417 1169 562 1246 originem
584 1168 690 1227 dueere
714 1168 837 1228 videtur
883 1169 926 1228 At
949 1167 1039 1229 sodex
1062 1169 1196 1245 optimus

178 1258 288 1316 iterum
311 1257 446 1318 Selowlre
465 1252 598 1335 (Seldke)
621 1257 752 1336 praebet.
793 1255 835 1315 IIt
854 1257 897 1315 XI
911 1259 953 1316 47
974 1256 1109 1317 Selowke
1129 1259 1193 1319 142

178 1345 321 1406 Siuleuke
335 1342 375 1424 (v.
385 1347 405 1404 1.
417 1342 567 1424 Seleukis)
586 1347 704 1423 legitur.
742 1345 891 1407 Oenuunt
908 1347 1002 1424 igitur
1015 1350 1194 1425 argumenta

177 1455 255 1512 quae
283 1435 401 1513 Syriam
429 1435 589 1494 Armeniae
616 1435 760 1496 versionis
788 1434 933 1512 originem
959 1435 1085 1514 probare
1111 1435 1194 1494 vide-
1294 1473 1295 1516 }

176 1523 296 1583 bantur.
348 1523 459 1584 Oontra
490 1524 633 1584 nonnulla
668 1544 723 1601 pro
756 1524 870 1600 origine
903 1523 1016 1584 Graeea
1048 1527 1194 1602 pugnant.
1294 1521 1295 1544 ³

179 1611 323 1688 Syrorum
368 1614 472 1673 ambae
513 1613 663 1673 versiones
704 1613 876 1689 episcopum
917 1612 1067 1689 Ooropissi
1111 1613 1195 1672 urbis

178 1694 372 1782 prwly‘swn
404 1703 452 1763 vel
483 1695 627 1782 kawsjs
659 1703 774 1762 faciunt
805 1701 824 1760 i.
844 1722 867 1760 e.
900 1701 1055 1762 Oeraoesii.
1108 1702 1195 1760 Unde

179 1791 318 1870 colligere
345 1791 416 1851 lieet
444 1792 587 1868 Syromm
613 1792 722 1851 librum
750 1791 944 1867 archetypum
971 1791 1074 1849 urbem
1105 1790 1194 1852 Ooro-

178 1881 292 1958 pissum
319 1899 391 1940 eum
420 1879 573 1942 Coracesio
607 1881 781 1942 confudisse.
827 1879 986 1939 Armenius
1016 1899 1086 1940 vero
1113 1883 1195 1940 reete

178 1969 358 2046 iKoropise
385 1971 515 2046 praebet.
561 1971 607 2029 Er
635 1970 722 2047 Syrio
755 1969 849 2047 igitur
880 1969 962 2029 fonte
995 1989 1054 2029 non
1083 1969 1194 2028 hausit.
1293 1977 1294 1994 ¹

178 2058 334 2117 Aeeedunt
365 2059 433 2118 alia.
478 2059 538 2116 Vix
564 2059 691 2118 Hosium
723 2059 792 2117 surb
826 2059 985 2135 epislropos
1012 2059 1195 2136 appellasset

178 2146 351 2220 Armenius,
381 2147 406 2206 si
432 2147 464 2203 in
492 2145 652 2222 exemplari
680 2147 767 2223 Syrio
795 2147 924 2224 stjws
951 2147 1000 2206 vel
1022 2148 1123 2224 Hsjws
1149 2148 1194 2206 in-

178 2235 317 2294 venisset.
371 2234 428 2304 Qui
461 2253 541 2294 error
572 2236 660 2294 faoile
693 2236 764 2296 oriri
800 2239 913 2312 potest,
950 2236 1002 2296 ubi
1034 2235 1195 2296 Armenius

179 2325 325 2399 interpres
358 2321 488 2382 eodieem
516 2322 661 2383 Graeeum
688 2325 853 2384 transtulit.
899 2325 1023 2386 Minoris
1051 2327 1195 2385 momenti
1292 2369 1293 2402 y

180 2416 226 2472 est
244 2413 324 2489 quod
343 2411 437 2493 Syrus
455 2413 666 2489 monophysita
684 2413 804 2472 imbium
823 2414 896 2490 Tyri
914 2414 1108 2474 Ptolemaidis
1127 2415 1195 2473 Pal-

179 2521 283 2579 myrae
301 2502 473 2578 Hierapolis
492 2502 658 2578 orientalia,
677 2501 837 2562 Armenius
855 2523 926 2563 vero
942 2501 1056 2564 Graeea
1073 2503 1196 2563 nomina

179 2591 287 2650 reddit.
323 2591 402 2649 Nam
425 2594 636 2668 praeterquam
659 2591 739 2668 quod
757 2592 844 2650 urbes
861 2591 923 2651 iam
940 2591 1087 2652 tironibus
1105 2595 1195 2653 notae

181 2683 264 2754 sunt,
288 2677 380 2755 Syrus
402 2679 601 2740 Nestorianus
623 2679 817 2740 Ptolemaidis
840 2683 871 2738 et
893 2680 1051 2756 Palmyrae
1074 2681 1196 2740 nomina

182 2768 295 2828 Greeoa
313 2769 431 2843 retinet,
451 2769 531 2844 quod
550 2770 641 2830 etiam
658 2770 766 2829 tertius
781 2769 807 2829 si
819 2788 961 2848 umquam
974 2770 1035 2830 luit
1048 2770 1196 2846 interpres

182 2857 286 2933 Syrius
317 2857 415 2916 faeere
447 2859 554 2934 potuIt.
601 2858 660 2918 Sed
691 2859 842 2919 nonnullis
873 2858 946 2919 loeis
975 2877 1047 2918 vera
1074 2859 1197 2919 nomina

182 2946 307 3023 praebet
329 2946 476 3023 interpres
494 2947 660 3008 Armenius.
702 2947 783 3018 Quae
807 2948 832 3006 si
850 2947 994 3008 latereulo
1015 2947 1101 3024 Syrio
1125 2967 1197 3007 usus

181 3038 272 3110 esset,
300 3035 350 3094 vix
373 3036 543 3096 oonieetura
566 3037 683 3114 assequi
708 3037 822 3114 potuit,
845 3037 928 3096 velut
952 3035 1112 3114 Cyzicenus
1136 3038 1198 3113 epi-

182 3143 288 3200 seopus
311 3125 354 3183 XI
370 3127 431 3185 117
458 3127 485 3185 ei
508 3127 645 3186 Thednas
668 3123 816 3204 (Θεωνᾶς)
839 3128 897 3201 est,
923 3124 1007 3201 Syris
1030 3118 1123 3186 T’wn’
1149 3127 1199 3186 vel

181 3207 321 3274 T’wnws
367 3213 445 3274 Dein
472 3215 600 3276 nominis
624 3208 811 3294 ‘Esospuolov
839 3215 881 3273 in=
901 3215 1036 3275 omnibus
1065 3216 1126 3275 fere
1153 3235 1199 3274 re·

183 3303 369 3363 censionibus
395 3304 552 3381 depravati
580 3305 706 3365 formam
729 3304 889 3383 genuinam
913 3299 1119 3365 ‘Hetimasios'
1142 3305 1198 3363 Ar-

181 3393 299 3452 menius
317 3393 464 3470 interpres
482 3395 526 3452 XI
537 3397 598 3454 126
619 3394 737 3454 exhibet
755 3412 845 3470 quam
865 3412 899 3450 er
914 3392 1058 3469 Syrorum
1074 3386 1201 3470 'twmsjs

182 3481 232 3540 vel
251 3474 414 3557 ’twm'sjus
442 3503 543 3542 eruere
570 3504 630 3544 non
652 3483 758 3559 potuit.
806 3481 1002 3552 Quamobrem
1024 3482 1202 3542 Armenium

183 3568 378 3646 interpretem
419 3573 585 3649 exemplum
626 3571 772 3632 Graecum
813 3571 974 3647 archetypo
1016 3571 1148 3630 familiae
1186 3573 1201 3630 I
