<?xml version="1.0" encoding="UTF-8"?>
<!DOCTYPE html PUBLIC "-//W3C//DTD XHTML 1.0 Transitional//EN"
    "http://www.w3.org/TR/xhtml1/DTD/xhtml1-transitional.dtd">
<html xmlns="http://www.w3.org/1999/xhtml" xml:lang="en" lang="en">
 <head>
  <title>
</title>
<meta http-equiv="Content-Type" content="text/html;charset=utf-8" />
  <meta name='ocr-system' content='tesseract 3.04.00' />
  <meta name='ocr-capabilities' content='ocr_page ocr_carea ocr_par ocr_line ocrx_word'/>
</head>
<body>
  <div class='ocr_page' id='page_1' title='image "./scriptoressacri00unkngoog_0050.png"; bbox 0 0 2596 3932; ppageno 0'>
   <div class='ocr_carea' id='block_1_1' title="bbox 401 174 1131 248">
    <p class='ocr_par' dir='ltr' id='par_1_1' title="bbox 401 174 1131 248">
     <span class='ocr_line' id='line_1_1' title="bbox 401 174 1131 248; baseline 0.003 -18"><span class='ocrx_word' id='word_1_1' title='bbox 401 175 605 232; x_wconf 79' lang='lat' dir='ltr'><strong>VERSIONES</strong></span> <span class='ocrx_word' id='word_1_2' title='bbox 622 174 850 232; x_wconf 80' lang='lat' dir='ltr'>INTERCEDIT.</span> <span class='ocrx_word' id='word_1_3' title='bbox 883 234 890 248; x_wconf 64' lang='grc'><em>,</em></span> <span class='ocrx_word' id='word_1_4' title='bbox 1069 175 1131 232; x_wconf 86' lang='lat' dir='ltr'><strong>XLI</strong></span> 
     </span>
    </p>
   </div>
   <div class='ocr_carea' id='block_1_2' title="bbox 110 344 1139 3630">
    <p class='ocr_par' dir='ltr' id='par_1_2' title="bbox 110 344 1137 1669">
     <span class='ocr_line' id='line_1_2' title="bbox 110 344 1136 426; baseline -0.004 -18"><span class='ocrx_word' id='word_1_5' title='bbox 110 351 283 426; x_wconf 83' lang='lat' dir='ltr'><strong>pugnator,</strong></span> <span class='ocrx_word' id='word_1_6' title='bbox 321 348 427 422; x_wconf 88' lang='lat' dir='ltr'><strong>postea</strong></span> <span class='ocrx_word' id='word_1_7' title='bbox 462 345 573 406; x_wconf 85' lang='lat' dir='ltr'><strong>falsam</strong></span> <span class='ocrx_word' id='word_1_8' title='bbox 607 344 773 406; x_wconf 87' lang='lat' dir='ltr'><strong>doctrinam</strong></span> <span class='ocrx_word' id='word_1_9' title='bbox 804 344 939 420; x_wconf 87' lang='lat' dir='ltr'><strong>profiteri</strong></span> <span class='ocrx_word' id='word_1_10' title='bbox 970 345 1050 406; x_wconf 80' lang='lat' dir='ltr'><strong>visus</strong></span> <span class='ocrx_word' id='word_1_11' title='bbox 1083 347 1136 406; x_wconf 88' lang='lat' dir='ltr'><strong>est.</strong></span> 
     </span>
     <span class='ocr_line' id='line_1_3' title="bbox 112 433 1135 511; baseline -0.004 -14"><span class='ocrx_word' id='word_1_12' title='bbox 112 435 319 511; x_wconf 86' lang='lat' dir='ltr'><strong>Athanasius,</strong></span> <span class='ocrx_word' id='word_1_13' title='bbox 351 433 500 510; x_wconf 72' lang='lat' dir='ltr'>Hilarius,</span> <span class='ocrx_word' id='word_1_14' title='bbox 531 433 678 508; x_wconf 80' lang='lat' dir='ltr'><strong>Basilius,</strong></span> <span class='ocrx_word' id='word_1_15' title='bbox 709 433 762 494; x_wconf 89' lang='lat' dir='ltr'><strong>alii</strong></span> <span class='ocrx_word' id='word_1_16' title='bbox 791 433 988 511; x_wconf 84' lang='lat' dir='ltr'><strong>suspicionem</strong></span> <span class='ocrx_word' id='word_1_17' title='bbox 1016 454 1051 496; x_wconf 82' lang='lat' dir='ltr'><strong>ex</strong></span> <span class='ocrx_word' id='word_1_18' title='bbox 1077 435 1135 494; x_wconf 89' lang='lat' dir='ltr'><strong>fide</strong></span> 
     </span>
     <span class='ocr_line' id='line_1_4' title="bbox 114 518 1135 599; baseline -0.005 -12"><span class='ocrx_word' id='word_1_19' title='bbox 114 527 178 588; x_wconf 89' lang='lat' dir='ltr'><strong>eius</strong></span> <span class='ocrx_word' id='word_1_20' title='bbox 203 525 355 586; x_wconf 82' lang='lat' dir='ltr'><strong>duxeruut</strong></span> <span class='ocrx_word' id='word_1_21' title='bbox 377 524 425 584; x_wconf 81' lang='lat' dir='ltr'><strong>vel</strong></span> <span class='ocrx_word' id='word_1_22' title='bbox 449 543 518 583; x_wconf 89' lang='lat' dir='ltr'><strong>eum</strong></span> <span class='ocrx_word' id='word_1_23' title='bbox 540 524 629 599; x_wconf 88' lang='lat' dir='ltr'><strong>plano</strong></span> <span class='ocrx_word' id='word_1_24' title='bbox 652 523 848 599; x_wconf 78' lang='lat' dir='ltr'><strong>repudiarunt</strong></span> <span class='ocrx_word' id='word_1_25' title='bbox 871 518 920 599; x_wconf 87' lang='lat' dir='ltr'><strong>(cf.</strong></span> <span class='ocrx_word' id='word_1_26' title='bbox 935 523 970 582; x_wconf 93' lang='lat' dir='ltr'><strong>A.</strong></span> <span class='ocrx_word' id='word_1_27' title='bbox 985 523 1135 598; x_wconf 84' lang='lat' dir='ltr'><strong>Harnaclr,</strong></span> 
     </span>
     <span class='ocr_line' id='line_1_5' title="bbox 114 612 1136 694; baseline -0.002 -20"><span class='ocrx_word' id='word_1_28' title='bbox 114 613 356 694; x_wconf 81' lang='lat' dir='ltr'><strong>Dogmengcsch.</strong></span> <span class='ocrx_word' id='word_1_29' title='bbox 379 612 411 672; x_wconf 90' lang='lat' dir='ltr'><strong>H</strong></span> <span class='ocrx_word' id='word_1_30' title='bbox 428 632 457 688; x_wconf 88' lang='lat' dir='ltr'><strong>p.</strong></span> <span class='ocrx_word' id='word_1_31' title='bbox 474 612 551 685; x_wconf 76' lang='lat'><strong>2383</strong></span> <span class='ocrx_word' id='word_1_32' title='bbox 575 612 628 672; x_wconf 84' lang='lat' dir='ltr'><strong>Th.</strong></span> <span class='ocrx_word' id='word_1_33' title='bbox 643 612 734 687; x_wconf 81' lang='lat' dir='ltr'><strong>Zaba,</strong></span> <span class='ocrx_word' id='word_1_34' title='bbox 757 612 914 672; x_wconf 82' lang='lat' dir='ltr'><strong>Marcellus</strong></span> <span class='ocrx_word' id='word_1_35' title='bbox 937 631 996 672; x_wconf 86' lang='lat' dir='ltr'><strong>von</strong></span> <span class='ocrx_word' id='word_1_36' title='bbox 1013 612 1136 690; x_wconf 80' lang='lat' dir='ltr'><strong>Ancyra</strong></span> 
     </span>
     <span class='ocr_line' id='line_1_6' title="bbox 114 699 1134 782; baseline -0.004 -18"><span class='ocrx_word' id='word_1_37' title='bbox 114 725 143 782; x_wconf 90' lang='lat' dir='ltr'><strong>p.</strong></span> <span class='ocrx_word' id='word_1_38' title='bbox 156 705 261 780; x_wconf 61' lang='lat' dir='ltr'><strong>cusq„</strong></span> <span class='ocrx_word' id='word_1_39' title='bbox 277 704 329 777; x_wconf 83' lang='grc'><strong>86,</strong></span> <span class='ocrx_word' id='word_1_40' title='bbox 344 702 385 762; x_wconf 90' lang='lat'><strong>88</strong></span> <span class='ocrx_word' id='word_1_41' title='bbox 394 720 450 778; x_wconf 83' lang='lat' dir='ltr'><strong>sq.;</strong></span> <span class='ocrx_word' id='word_1_42' title='bbox 464 700 578 777; x_wconf 80' lang='lat' dir='ltr'><strong>Hassis,</strong></span> <span class='ocrx_word' id='word_1_43' title='bbox 594 699 913 778; x_wconf 75' lang='lat' dir='ltr'><strong>Conciliangeschichte</strong></span> <span class='ocrx_word' id='word_1_44' title='bbox 927 701 943 758; x_wconf 94' lang='lat' dir='ltr'>I</span> <span class='ocrx_word' id='word_1_45' title='bbox 956 721 985 778; x_wconf 88' lang='lat' dir='ltr'><strong>p.</strong></span> <span class='ocrx_word' id='word_1_46' title='bbox 994 703 1056 760; x_wconf 81' lang='lat'><strong>456</strong></span> <span class='ocrx_word' id='word_1_47' title='bbox 1067 699 1134 780; x_wconf 84' lang='lat' dir='ltr'><strong>sq.).</strong></span> 
     </span>
     <span class='ocr_line' id='line_1_7' title="bbox 113 789 1135 866; baseline -0.004 -12"><span class='ocrx_word' id='word_1_48' title='bbox 113 794 244 854; x_wconf 82' lang='lat' dir='ltr'><strong>Petrum</strong></span> <span class='ocrx_word' id='word_1_49' title='bbox 271 791 360 852; x_wconf 86' lang='lat' dir='ltr'><strong>index</strong></span> <span class='ocrx_word' id='word_1_50' title='bbox 385 793 454 866; x_wconf 89' lang='lat' dir='ltr'><strong>poet</strong></span> <span class='ocrx_word' id='word_1_51' title='bbox 477 794 590 850; x_wconf 84' lang='lat' dir='ltr'><strong>aunum</strong></span> <span class='ocrx_word' id='word_1_52' title='bbox 613 791 676 850; x_wconf 77' lang='lat'><strong>362</strong></span> <span class='ocrx_word' id='word_1_53' title='bbox 696 810 724 866; x_wconf 92' lang='lat' dir='ltr'><strong>p.</strong></span> <span class='ocrx_word' id='word_1_54' title='bbox 741 789 807 850; x_wconf 79' lang='lat' dir='ltr'><strong>Chr.</strong></span> <span class='ocrx_word' id='word_1_55' title='bbox 821 810 849 850; x_wconf 90' lang='lat' dir='ltr'><strong>n.</strong></span> <span class='ocrx_word' id='word_1_56' title='bbox 874 789 1056 866; x_wconf 86' lang='lat' dir='ltr'><strong>conscriptus</strong></span> <span class='ocrx_word' id='word_1_57' title='bbox 1081 795 1135 866; x_wconf 86' lang='lat' dir='ltr'><strong>est,</strong></span> 
     </span>
     <span class='ocr_line' id='line_1_8' title="bbox 115 878 1135 960; baseline -0.003 -18"><span class='ocrx_word' id='word_1_58' title='bbox 115 901 178 960; x_wconf 90' lang='lat' dir='ltr'><strong>quo</strong></span> <span class='ocrx_word' id='word_1_59' title='bbox 209 885 344 957; x_wconf 87' lang='lat' dir='ltr'><strong>tempore</strong></span> <span class='ocrx_word' id='word_1_60' title='bbox 374 878 566 950; x_wconf 82' lang='lat' dir='ltr'><strong>orientalium</strong></span> <span class='ocrx_word' id='word_1_61' title='bbox 593 879 766 938; x_wconf 75' lang='lat' dir='ltr'><strong>antistitum</strong></span> <span class='ocrx_word' id='word_1_62' title='bbox 790 878 852 938; x_wconf 88' lang='lat' dir='ltr'><strong>iam</strong></span> <span class='ocrx_word' id='word_1_63' title='bbox 879 878 976 940; x_wconf 91' lang='lat' dir='ltr'><strong>maior</strong></span> <span class='ocrx_word' id='word_1_64' title='bbox 1001 897 1071 954; x_wconf 89' lang='lat' dir='ltr'><strong>pars</strong></span> <span class='ocrx_word' id='word_1_65' title='bbox 1099 880 1135 939; x_wconf 90' lang='lat' dir='ltr'><strong>da</strong></span> 
     </span>
     <span class='ocr_line' id='line_1_9' title="bbox 114 967 1137 1046; baseline -0.004 -14"><span class='ocrx_word' id='word_1_66' title='bbox 114 974 202 1032; x_wconf 87' lang='lat' dir='ltr'><strong>recta</strong></span> <span class='ocrx_word' id='word_1_67' title='bbox 224 968 359 1030; x_wconf 76' lang='lat' dir='ltr'><strong>Marcelli</strong></span> <span class='ocrx_word' id='word_1_68' title='bbox 383 968 441 1028; x_wconf 89' lang='lat' dir='ltr'><strong>fide</strong></span> <span class='ocrx_word' id='word_1_69' title='bbox 464 967 631 1028; x_wconf 88' lang='lat' dir='ltr'><strong>dubitabat.</strong></span> <span class='ocrx_word' id='word_1_70' title='bbox 677 969 750 1028; x_wconf 83' lang='lat' dir='ltr'><strong>Tale</strong></span> <span class='ocrx_word' id='word_1_71' title='bbox 772 967 866 1046; x_wconf 82' lang='lat' dir='ltr'><strong>igitur</strong></span> <span class='ocrx_word' id='word_1_72' title='bbox 888 987 995 1028; x_wconf 90' lang='lat' dir='ltr'><strong>nomen</strong></span> <span class='ocrx_word' id='word_1_73' title='bbox 1019 968 1137 1030; x_wconf 87' lang='lat' dir='ltr'><strong>concilii</strong></span> 
     </span>
     <span class='ocr_line' id='line_1_10' title="bbox 117 1055 1136 1137; baseline -0.003 -16"><span class='ocrx_word' id='word_1_74' title='bbox 117 1059 271 1137; x_wconf 84' lang='lat' dir='ltr'><strong>splendori</strong></span> <span class='ocrx_word' id='word_1_75' title='bbox 302 1058 452 1118; x_wconf 83' lang='lat' dir='ltr'><strong>maculam</strong></span> <span class='ocrx_word' id='word_1_76' title='bbox 482 1075 639 1134; x_wconf 84' lang='lat' dir='ltr'><strong>aspergere</strong></span> <span class='ocrx_word' id='word_1_77' title='bbox 666 1057 831 1118; x_wconf 83' lang='lat' dir='ltr'><strong>videbatur.</strong></span> <span class='ocrx_word' id='word_1_78' title='bbox 877 1055 975 1127; x_wconf 77' lang='lat' dir='ltr'><strong>Quare</strong></span> <span class='ocrx_word' id='word_1_79' title='bbox 1003 1056 1136 1118; x_wconf 89' lang='lat' dir='ltr'><strong>deletum</strong></span> 
     </span>
     <span class='ocr_line' id='line_1_11' title="bbox 117 1146 1136 1224; baseline -0.006 -12"><span class='ocrx_word' id='word_1_80' title='bbox 117 1153 150 1212; x_wconf 88' lang='lat' dir='ltr'><strong>et</strong></span> <span class='ocrx_word' id='word_1_81' title='bbox 172 1149 206 1210; x_wconf 89' lang='lat' dir='ltr'><strong>iu</strong></span> <span class='ocrx_word' id='word_1_82' title='bbox 229 1148 293 1208; x_wconf 90' lang='lat' dir='ltr'><strong>eius</strong></span> <span class='ocrx_word' id='word_1_83' title='bbox 317 1148 417 1208; x_wconf 90' lang='lat' dir='ltr'><strong>locum</strong></span> <span class='ocrx_word' id='word_1_84' title='bbox 438 1146 526 1208; x_wconf 88' lang='lat' dir='ltr'><strong>inane</strong></span> <span class='ocrx_word' id='word_1_85' title='bbox 549 1146 709 1206; x_wconf 88' lang='lat' dir='ltr'><strong>Pancharii</strong></span> <span class='ocrx_word' id='word_1_86' title='bbox 731 1165 839 1208; x_wconf 89' lang='lat' dir='ltr'><strong>nomen</strong></span> <span class='ocrx_word' id='word_1_87' title='bbox 862 1146 1059 1224; x_wconf 82' lang='lat' dir='ltr'><strong>subrogatum</strong></span> <span class='ocrx_word' id='word_1_88' title='bbox 1081 1150 1136 1206; x_wconf 88' lang='lat' dir='ltr'><strong>est.</strong></span> 
     </span>
     <span class='ocr_line' id='line_1_12' title="bbox 116 1235 1136 1298; baseline -0.002 0"><span class='ocrx_word' id='word_1_89' title='bbox 116 1239 133 1298; x_wconf 93' lang='grc' dir='ltr'>Ι</span> <span class='ocrx_word' id='word_1_90' title='bbox 161 1241 193 1298; x_wconf 88' lang='lat' dir='ltr'><strong>et</strong></span> <span class='ocrx_word' id='word_1_91' title='bbox 221 1237 266 1296; x_wconf 91' lang='lat' dir='ltr'><strong>XI</strong></span> <span class='ocrx_word' id='word_1_92' title='bbox 291 1237 465 1298; x_wconf 83' lang='lat' dir='ltr'><strong>Marcellum</strong></span> <span class='ocrx_word' id='word_1_93' title='bbox 497 1239 528 1294; x_wconf 89' lang='lat' dir='ltr'><strong>et</strong></span> <span class='ocrx_word' id='word_1_94' title='bbox 554 1235 754 1296; x_wconf 85' lang='lat' dir='ltr'><strong>Pancharium</strong></span> <span class='ocrx_word' id='word_1_95' title='bbox 785 1238 1049 1296; x_wconf 84' lang='lat' dir='ltr'><strong>commemorantes</strong></span> <span class='ocrx_word' id='word_1_96' title='bbox 1077 1236 1136 1296; x_wconf 92' lang='lat' dir='ltr'><strong>duo</strong></span> 
     </span>
     <span class='ocr_line' id='line_1_13' title="bbox 116 1324 1135 1402; baseline -0.002 -16"><span class='ocrx_word' id='word_1_97' title='bbox 116 1327 325 1388; x_wconf 90' lang='lat' dir='ltr'><strong>recensionum</strong></span> <span class='ocrx_word' id='word_1_98' title='bbox 352 1343 462 1402; x_wconf 82' lang='lat' dir='ltr'><strong>genera</strong></span> <span class='ocrx_word' id='word_1_99' title='bbox 490 1324 703 1386; x_wconf 88' lang='lat' dir='ltr'><strong>contaminant.</strong></span> <span class='ocrx_word' id='word_1_100' title='bbox 748 1325 900 1384; x_wconf 85' lang='lat' dir='ltr'><strong>Habemus</strong></span> <span class='ocrx_word' id='word_1_101' title='bbox 922 1324 1016 1402; x_wconf 82' lang='lat' dir='ltr'><strong>igitur</strong></span> <span class='ocrx_word' id='word_1_102' title='bbox 1039 1345 1135 1386; x_wconf 83' lang='lat' dir='ltr'><strong>exem-</strong></span> 
     </span>
     <span class='ocr_line' id='line_1_14' title="bbox 116 1413 1136 1493; baseline -0.001 -18"><span class='ocrx_word' id='word_1_103' title='bbox 116 1417 206 1493; x_wconf 92' lang='lat' dir='ltr'><strong>plum</strong></span> <span class='ocrx_word' id='word_1_104' title='bbox 228 1435 288 1475; x_wconf 91' lang='lat' dir='ltr'><strong>non</strong></span> <span class='ocrx_word' id='word_1_105' title='bbox 311 1413 434 1474; x_wconf 90' lang='lat' dir='ltr'><strong>dubium</strong></span> <span class='ocrx_word' id='word_1_106' title='bbox 457 1433 526 1474; x_wconf 89' lang='lat' dir='ltr'><strong>eum</strong></span> <span class='ocrx_word' id='word_1_107' title='bbox 549 1413 603 1490; x_wconf 88' lang='lat' dir='ltr'><strong>qui</strong></span> <span class='ocrx_word' id='word_1_108' title='bbox 624 1413 749 1474; x_wconf 85' lang='lat' dir='ltr'><strong>alterius</strong></span> <span class='ocrx_word' id='word_1_109' title='bbox 766 1413 945 1474; x_wconf 86' lang='lat' dir='ltr'><strong>recensionis</strong></span> <span class='ocrx_word' id='word_1_110' title='bbox 964 1415 1136 1492; x_wconf 85' lang='lat' dir='ltr'><strong>catalogum</strong></span> 
     </span>
     <span class='ocr_line' id='line_1_15' title="bbox 119 1502 1135 1580; baseline -0.005 -14"><span class='ocrx_word' id='word_1_111' title='bbox 119 1504 261 1580; x_wconf 86' lang='lat' dir='ltr'><strong>confecit,</strong></span> <span class='ocrx_word' id='word_1_112' title='bbox 288 1503 407 1567; x_wconf 88' lang='lat' dir='ltr'><strong>nomine</strong></span> <span class='ocrx_word' id='word_1_113' title='bbox 435 1503 566 1579; x_wconf 89' lang='lat' dir='ltr'><strong>quodam</strong></span> <span class='ocrx_word' id='word_1_114' title='bbox 587 1523 657 1566; x_wconf 80' lang='lat' dir='ltr'><strong>vero</strong></span> <span class='ocrx_word' id='word_1_115' title='bbox 681 1523 717 1564; x_wconf 81' lang='lat' dir='ltr'><strong>es</strong></span> <span class='ocrx_word' id='word_1_116' title='bbox 743 1502 840 1564; x_wconf 87' lang='lat' dir='ltr'><strong>indice</strong></span> <span class='ocrx_word' id='word_1_117' title='bbox 863 1503 971 1579; x_wconf 86' lang='lat' dir='ltr'><strong>eiecto,</strong></span> <span class='ocrx_word' id='word_1_118' title='bbox 998 1503 1082 1564; x_wconf 88' lang='lat' dir='ltr'><strong>aliud</strong></span> <span class='ocrx_word' id='word_1_119' title='bbox 1103 1504 1135 1561; x_wconf 91' lang='lat' dir='ltr'><strong>in</strong></span> 
     </span>
     <span class='ocr_line' id='line_1_16' title="bbox 119 1591 532 1669; baseline -0.01 -13"><span class='ocrx_word' id='word_1_120' title='bbox 119 1595 185 1656; x_wconf 88' lang='lat' dir='ltr'><strong>eius</strong></span> <span class='ocrx_word' id='word_1_121' title='bbox 207 1595 308 1654; x_wconf 89' lang='lat' dir='ltr'><strong>locum</strong></span> <span class='ocrx_word' id='word_1_122' title='bbox 331 1591 532 1669; x_wconf 86' lang='lat' dir='ltr'><strong>supposuisse.</strong></span> 
     </span>
    </p>

    <p class='ocr_par' dir='ltr' id='par_1_3' title="bbox 117 1679 1139 2559">
     <span class='ocr_line' id='line_1_17' title="bbox 208 1679 1135 1759; baseline -0.002 -17"><span class='ocrx_word' id='word_1_123' title='bbox 208 1681 323 1759; x_wconf 87' lang='lat' dir='ltr'><strong>Lydiae</strong></span> <span class='ocrx_word' id='word_1_124' title='bbox 346 1681 551 1757; x_wconf 87' lang='lat' dir='ltr'><strong>paenultimus</strong></span> <span class='ocrx_word' id='word_1_125' title='bbox 574 1679 729 1758; x_wconf 89' lang='lat' dir='ltr'><strong>episcopus</strong></span> <span class='ocrx_word' id='word_1_126' title='bbox 752 1683 799 1740; x_wconf 86' lang='lat' dir='ltr'><strong>est</strong></span> <span class='ocrx_word' id='word_1_127' title='bbox 816 1681 980 1740; x_wconf 80' lang='lat' dir='ltr'><strong>Antiochus</strong></span> <span class='ocrx_word' id='word_1_128' title='bbox 999 1681 1135 1742; x_wconf 88' lang='lat' dir='ltr'><strong>Aurelio·</strong></span> 
     </span>
     <span class='ocr_line' id='line_1_18' title="bbox 118 1769 1136 1850; baseline -0.003 -18"><span class='ocrx_word' id='word_1_129' title='bbox 118 1772 288 1850; x_wconf 82' lang='lat' dir='ltr'><strong>politanus3</strong></span> <span class='ocrx_word' id='word_1_130' title='bbox 316 1770 466 1830; x_wconf 85' lang='lat' dir='ltr'><strong>antecedit</strong></span> <span class='ocrx_word' id='word_1_131' title='bbox 487 1769 657 1829; x_wconf 84' lang='lat' dir='ltr'><strong>Florentius</strong></span> <span class='ocrx_word' id='word_1_132' title='bbox 680 1770 819 1846; x_wconf 84' lang='lat' dir='ltr'><strong>Ancyrae</strong></span> <span class='ocrx_word' id='word_1_133' title='bbox 841 1770 964 1828; x_wconf 85' lang='lat' dir='ltr'><strong>ferreae.</strong></span> <span class='ocrx_word' id='word_1_134' title='bbox 1005 1769 1136 1830; x_wconf 77' lang='lat' dir='ltr'><strong>Graccus</strong></span> 
     </span>
     <span class='ocr_line' id='line_1_19' title="bbox 119 1858 1135 1922; baseline -0.004 0"><span class='ocrx_word' id='word_1_135' title='bbox 119 1863 202 1922; x_wconf 85' lang='lat' dir='ltr'><strong>solus</strong></span> <span class='ocrx_word' id='word_1_136' title='bbox 215 1860 295 1922; x_wconf 89' lang='lat' dir='ltr'><strong>iuter</strong></span> <span class='ocrx_word' id='word_1_137' title='bbox 308 1860 362 1920; x_wconf 89' lang='lat' dir='ltr'><strong>hos</strong></span> <span class='ocrx_word' id='word_1_138' title='bbox 376 1859 450 1920; x_wconf 89' lang='lat' dir='ltr'><strong>duos</strong></span> <span class='ocrx_word' id='word_1_139' title='bbox 464 1859 615 1919; x_wconf 84' lang='lat' dir='ltr'><strong>antistites</strong></span> <span class='ocrx_word' id='word_1_140' title='bbox 629 1858 811 1918; x_wconf 87' lang='lat' dir='ltr'><strong>Antiochum</strong></span> <span class='ocrx_word' id='word_1_141' title='bbox 823 1858 1135 1920; x_wconf 87' lang='lat' dir='ltr'><strong>Hierocaesarcensem</strong></span> 
     </span>
     <span class='ocr_line' id='line_1_20' title="bbox 117 1947 1137 2024; baseline -0.006 -12"><span class='ocrx_word' id='word_1_142' title='bbox 117 1949 234 2012; x_wconf 86' lang='lat' dir='ltr'><strong>inserit.</strong></span> <span class='ocrx_word' id='word_1_143' title='bbox 281 1947 412 2010; x_wconf 80' lang='lat' dir='ltr'><strong>Graecus</strong></span> <span class='ocrx_word' id='word_1_144' title='bbox 436 1948 557 2024; x_wconf 89' lang='lat' dir='ltr'><strong>quidem</strong></span> <span class='ocrx_word' id='word_1_145' title='bbox 581 1947 671 2008; x_wconf 81' lang='lat' dir='ltr'><strong>index</strong></span> <span class='ocrx_word' id='word_1_146' title='bbox 693 1947 812 2024; x_wconf 91' lang='lat' dir='ltr'><strong>saepius</strong></span> <span class='ocrx_word' id='word_1_147' title='bbox 836 1947 987 2006; x_wconf 89' lang='lat' dir='ltr'><strong>antistites</strong></span> <span class='ocrx_word' id='word_1_148' title='bbox 1011 1967 1045 2006; x_wconf 87' lang='lat' dir='ltr'><strong>ex</strong></span> <span class='ocrx_word' id='word_1_149' title='bbox 1069 1947 1137 2006; x_wconf 90' lang='lat' dir='ltr'><strong>aliis</strong></span> 
     </span>
     <span class='ocr_line' id='line_1_21' title="bbox 119 2036 1137 2114; baseline -0.003 -15"><span class='ocrx_word' id='word_1_150' title='bbox 119 2039 256 2102; x_wconf 79' lang='lat' dir='ltr'><strong>fontibus</strong></span> <span class='ocrx_word' id='word_1_151' title='bbox 273 2038 464 2114; x_wconf 86' lang='lat' dir='ltr'><strong>depromptos</strong></span> <span class='ocrx_word' id='word_1_152' title='bbox 483 2036 608 2112; x_wconf 84' lang='lat' dir='ltr'><strong>addidit,</strong></span> <span class='ocrx_word' id='word_1_153' title='bbox 626 2037 712 2096; x_wconf 85' lang='lat' dir='ltr'><strong>volut</strong></span> <span class='ocrx_word' id='word_1_154' title='bbox 725 2036 930 2114; x_wconf 86' lang='lat' dir='ltr'><strong>Paphnutium</strong></span> <span class='ocrx_word' id='word_1_155' title='bbox 942 2037 1137 2114; x_wconf 74' lang='lat' dir='ltr'><strong>Aegyptium,</strong></span> 
     </span>
     <span class='ocr_line' id='line_1_22' title="bbox 118 2125 1139 2203; baseline -0.005 -13"><span class='ocrx_word' id='word_1_156' title='bbox 118 2129 281 2190; x_wconf 85' lang='lat' dir='ltr'><strong>Nicolaum</strong></span> <span class='ocrx_word' id='word_1_157' title='bbox 307 2127 484 2203; x_wconf 88' lang='lat' dir='ltr'><strong>Myrensem.</strong></span> <span class='ocrx_word' id='word_1_158' title='bbox 537 2126 595 2186; x_wconf 83' lang='lat' dir='ltr'><strong>Sed</strong></span> <span class='ocrx_word' id='word_1_159' title='bbox 622 2146 659 2186; x_wconf 88' lang='lat' dir='ltr'><strong>na</strong></span> <span class='ocrx_word' id='word_1_160' title='bbox 690 2126 771 2186; x_wconf 91' lang='lat' dir='ltr'><strong>idem</strong></span> <span class='ocrx_word' id='word_1_161' title='bbox 798 2125 835 2184; x_wconf 93' lang='lat' dir='ltr'><strong>de</strong></span> <span class='ocrx_word' id='word_1_162' title='bbox 861 2125 1139 2186; x_wconf 86' lang='lat' dir='ltr'><strong>Hierocaesareensi</strong></span> 
     </span>
     <span class='ocr_line' id='line_1_23' title="bbox 119 2211 1136 2296; baseline -0.004 -18"><span class='ocrx_word' id='word_1_163' title='bbox 119 2217 260 2296; x_wconf 85' lang='lat' dir='ltr'><strong>praesule</strong></span> <span class='ocrx_word' id='word_1_164' title='bbox 292 2216 469 2293; x_wconf 85' lang='lat' dir='ltr'><strong>cogitemus,</strong></span> <span class='ocrx_word' id='word_1_165' title='bbox 501 2216 692 2292; x_wconf 85' lang='lat' dir='ltr'><strong>prohibemur</strong></span> <span class='ocrx_word' id='word_1_166' title='bbox 724 2214 829 2292; x_wconf 83' lang='lat' dir='ltr'><strong>Syriae</strong></span> <span class='ocrx_word' id='word_1_167' title='bbox 860 2215 1003 2276; x_wconf 79' lang='lat' dir='ltr'><strong>versionis</strong></span> <span class='ocrx_word' id='word_1_168' title='bbox 1035 2211 1136 2293; x_wconf 89' lang='lat' dir='ltr'>(VHI)</span> 
     </span>
     <span class='ocr_line' id='line_1_24' title="bbox 119 2304 1136 2381; baseline -0.003 -14"><span class='ocrx_word' id='word_1_169' title='bbox 119 2304 302 2380; x_wconf 86' lang='lat' dir='ltr'><strong>testimonio,</strong></span> <span class='ocrx_word' id='word_1_170' title='bbox 321 2305 401 2381; x_wconf 89' lang='lat' dir='ltr'><strong>quod</strong></span> <span class='ocrx_word' id='word_1_171' title='bbox 418 2305 525 2366; x_wconf 89' lang='lat' dir='ltr'><strong>ultimo</strong></span> <span class='ocrx_word' id='word_1_172' title='bbox 544 2304 657 2381; x_wconf 81' lang='lat' dir='ltr'><strong>Lydiae</strong></span> <span class='ocrx_word' id='word_1_173' title='bbox 676 2304 847 2381; x_wconf 76' lang='lat' dir='ltr'><strong>provinciae</strong></span> <span class='ocrx_word' id='word_1_174' title='bbox 869 2306 935 2364; x_wconf 91' lang='lat' dir='ltr'><strong>loco</strong></span> <span class='ocrx_word' id='word_1_175' title='bbox 953 2304 1136 2364; x_wconf 88' lang='lat' dir='ltr'><strong>Antiochum</strong></span> 
     </span>
     <span class='ocr_line' id='line_1_25' title="bbox 118 2393 1136 2470; baseline -0.002 -14"><span class='ocrx_word' id='word_1_176' title='bbox 118 2395 434 2456; x_wconf 87' lang='lat' dir='ltr'><strong>Hierocaesareensem</strong></span> <span class='ocrx_word' id='word_1_177' title='bbox 469 2396 611 2454; x_wconf 88' lang='lat' dir='ltr'><strong>recenset.</strong></span> <span class='ocrx_word' id='word_1_178' title='bbox 662 2393 740 2454; x_wconf 84' lang='lat' dir='ltr'><strong>Sunt</strong></span> <span class='ocrx_word' id='word_1_179' title='bbox 774 2393 884 2454; x_wconf 86' lang='lat' dir='ltr'><strong>iterum</strong></span> <span class='ocrx_word' id='word_1_180' title='bbox 915 2393 992 2452; x_wconf 88' lang='lat' dir='ltr'><strong>duae</strong></span> <span class='ocrx_word' id='word_1_181' title='bbox 1027 2393 1136 2470; x_wconf 88' lang='lat' dir='ltr'><strong>prioris</strong></span> 
     </span>
     <span class='ocr_line' id='line_1_26' title="bbox 118 2481 1103 2559; baseline -0.003 -14"><span class='ocrx_word' id='word_1_182' title='bbox 118 2483 299 2548; x_wconf 83' lang='lat' dir='ltr'><strong>recensionis</strong></span> <span class='ocrx_word' id='word_1_183' title='bbox 322 2483 456 2544; x_wconf 84' lang='lat' dir='ltr'><strong>familiae</strong></span> <span class='ocrx_word' id='word_1_184' title='bbox 479 2501 555 2559; x_wconf 90' lang='lat' dir='ltr'><strong>quae</strong></span> <span class='ocrx_word' id='word_1_185' title='bbox 579 2502 686 2544; x_wconf 87' lang='lat' dir='ltr'><strong>nomeu</strong></span> <span class='ocrx_word' id='word_1_186' title='bbox 708 2482 785 2544; x_wconf 89' lang='lat' dir='ltr'><strong>illud</strong></span> <span class='ocrx_word' id='word_1_187' title='bbox 806 2484 886 2542; x_wconf 88' lang='lat' dir='ltr'><strong>recte</strong></span> <span class='ocrx_word' id='word_1_188' title='bbox 909 2481 1103 2542; x_wconf 86' lang='lat' dir='ltr'><strong>retinuerunt.</strong></span> 
     </span>
    </p>

    <p class='ocr_par' dir='ltr' id='par_1_4' title="bbox 118 2571 1137 3364">
     <span class='ocr_line' id='line_1_27' title="bbox 209 2571 1135 2650; baseline -0.003 -16"><span class='ocrx_word' id='word_1_189' title='bbox 209 2573 338 2634; x_wconf 87' lang='lat' dir='ltr'><strong>Paulum</strong></span> <span class='ocrx_word' id='word_1_190' title='bbox 368 2572 521 2649; x_wconf 86' lang='lat' dir='ltr'><strong>Apameae</strong></span> <span class='ocrx_word' id='word_1_191' title='bbox 555 2571 636 2632; x_wconf 85' lang='lat' dir='ltr'><strong>urbis</strong></span> <span class='ocrx_word' id='word_1_192' title='bbox 671 2572 843 2648; x_wconf 89' lang='lat' dir='ltr'><strong>episcopum</strong></span> <span class='ocrx_word' id='word_1_193' title='bbox 875 2571 954 2630; x_wconf 91' lang='lat' dir='ltr'><strong>inter</strong></span> <span class='ocrx_word' id='word_1_194' title='bbox 984 2571 1135 2650; x_wconf 80' lang='lat' dir='ltr'><strong>Phrygiae</strong></span> 
     </span>
     <span class='ocr_line' id='line_1_28' title="bbox 119 2660 1137 2741; baseline -0.006 -15"><span class='ocrx_word' id='word_1_195' title='bbox 119 2663 274 2741; x_wconf 82' lang='lat' dir='ltr'><strong>praesules</strong></span> <span class='ocrx_word' id='word_1_196' title='bbox 301 2681 403 2722; x_wconf 89' lang='lat' dir='ltr'><strong>omnes</strong></span> <span class='ocrx_word' id='word_1_197' title='bbox 429 2661 538 2738; x_wconf 84' lang='lat' dir='ltr'><strong>prioris</strong></span> <span class='ocrx_word' id='word_1_198' title='bbox 563 2661 743 2722; x_wconf 88' lang='lat' dir='ltr'><strong>recensionis</strong></span> <span class='ocrx_word' id='word_1_199' title='bbox 769 2660 840 2720; x_wconf 85' lang='lat' dir='ltr'><strong>libri</strong></span> <span class='ocrx_word' id='word_1_200' title='bbox 867 2661 1025 2738; x_wconf 84' lang='lat' dir='ltr'><strong>praebent,</strong></span> <span class='ocrx_word' id='word_1_201' title='bbox 1052 2661 1137 2721; x_wconf 88' lang='lat' dir='ltr'><strong>deest</strong></span> 
     </span>
     <span class='ocr_line' id='line_1_29' title="bbox 118 2748 1136 2827; baseline -0.003 -14"><span class='ocrx_word' id='word_1_202' title='bbox 118 2754 152 2813; x_wconf 91' lang='lat' dir='ltr'><strong>in</strong></span> <span class='ocrx_word' id='word_1_203' title='bbox 175 2751 326 2814; x_wconf 90' lang='lat' dir='ltr'><strong>codicibus</strong></span> <span class='ocrx_word' id='word_1_204' title='bbox 348 2749 532 2812; x_wconf 88' lang='lat' dir='ltr'><strong>familiarum</strong></span> <span class='ocrx_word' id='word_1_205' title='bbox 548 2750 595 2810; x_wconf 87' lang='lat' dir='ltr'><strong>HI</strong></span> <span class='ocrx_word' id='word_1_206' title='bbox 619 2752 649 2810; x_wconf 92' lang='lat' dir='ltr'><strong>et</strong></span> <span class='ocrx_word' id='word_1_207' title='bbox 668 2750 721 2809; x_wconf 87' lang='lat' dir='ltr'><strong>IV.</strong></span> <span class='ocrx_word' id='word_1_208' title='bbox 757 2750 862 2810; x_wconf 86' lang='lat' dir='ltr'><strong>Vorsio</strong></span> <span class='ocrx_word' id='word_1_209' title='bbox 883 2748 1007 2827; x_wconf 81' lang='lat' dir='ltr'><strong>Coptica</strong></span> <span class='ocrx_word' id='word_1_210' title='bbox 1028 2770 1136 2810; x_wconf 87' lang='lat' dir='ltr'><strong>manca</strong></span> 
     </span>
     <span class='ocr_line' id='line_1_30' title="bbox 120 2838 1134 2917; baseline -0.002 -15"><span class='ocrx_word' id='word_1_211' title='bbox 120 2845 180 2916; x_wconf 85' lang='lat' dir='ltr'><strong>est,</strong></span> <span class='ocrx_word' id='word_1_212' title='bbox 208 2839 340 2917; x_wconf 89' lang='lat' dir='ltr'><strong>quinque</strong></span> <span class='ocrx_word' id='word_1_213' title='bbox 367 2859 543 2900; x_wconf 89' lang='lat' dir='ltr'><strong>enumerans</strong></span> <span class='ocrx_word' id='word_1_214' title='bbox 566 2839 735 2916; x_wconf 88' lang='lat' dir='ltr'><strong>episcopos:</strong></span> <span class='ocrx_word' id='word_1_215' title='bbox 761 2838 1134 2902; x_wconf 77' lang='lat' dir='ltr'><strong>Laodiceae-Sanai-</strong></span> 
     </span>
     <span class='ocr_line' id='line_1_31' title="bbox 120 2927 1135 3007; baseline 0.002 -19"><span class='ocrx_word' id='word_1_216' title='bbox 120 2928 720 3007; x_wconf 84' lang='lat' dir='ltr'><strong>Synadorum-Azanorum-Dorylci.</strong></span> <span class='ocrx_word' id='word_1_217' title='bbox 750 2927 808 2988; x_wconf 83' lang='lat' dir='ltr'><strong>Sed</strong></span> <span class='ocrx_word' id='word_1_218' title='bbox 823 2948 891 2988; x_wconf 91' lang='lat' dir='ltr'><strong>cum</strong></span> <span class='ocrx_word' id='word_1_219' title='bbox 903 2928 936 2990; x_wconf 92' lang='lat' dir='ltr'><strong>in</strong></span> <span class='ocrx_word' id='word_1_220' title='bbox 949 2931 1135 3007; x_wconf 89' lang='lat' dir='ltr'><strong>praescripto</strong></span> 
     </span>
     <span class='ocr_line' id='line_1_32' title="bbox 120 3017 1134 3096; baseline -0.002 -16"><span class='ocrx_word' id='word_1_221' title='bbox 120 3022 236 3096; x_wconf 88' lang='lat' dir='ltr'><strong>septem</strong></span> <span class='ocrx_word' id='word_1_222' title='bbox 258 3018 350 3078; x_wconf 80' lang='lat' dir='ltr'><strong>tirisse</strong></span> <span class='ocrx_word' id='word_1_223' title='bbox 368 3018 522 3095; x_wconf 87' lang='lat' dir='ltr'><strong>episcopos</strong></span> <span class='ocrx_word' id='word_1_224' title='bbox 539 3018 700 3078; x_wconf 83' lang='lat' dir='ltr'><strong>memoriae</strong></span> <span class='ocrx_word' id='word_1_225' title='bbox 717 3017 872 3094; x_wconf 88' lang='lat' dir='ltr'><strong>prodatur,</strong></span> <span class='ocrx_word' id='word_1_226' title='bbox 894 3018 953 3080; x_wconf 92' lang='lat' dir='ltr'><strong>duo</strong></span> <span class='ocrx_word' id='word_1_227' title='bbox 972 3019 1026 3095; x_wconf 90' lang='lat' dir='ltr'><strong>qui</strong></span> <span class='ocrx_word' id='word_1_228' title='bbox 1043 3020 1134 3080; x_wconf 89' lang='lat' dir='ltr'><strong>inter-</strong></span> 
     </span>
     <span class='ocr_line' id='line_1_33' title="bbox 120 3107 1135 3184; baseline 0.002 -16"><span class='ocrx_word' id='word_1_229' title='bbox 120 3109 266 3184; x_wconf 82' lang='lat' dir='ltr'><strong>ciderunt,</strong></span> <span class='ocrx_word' id='word_1_230' title='bbox 288 3107 454 3184; x_wconf 80' lang='lat' dir='ltr'><strong>Eucarpiae</strong></span> <span class='ocrx_word' id='word_1_231' title='bbox 473 3111 504 3168; x_wconf 85' lang='lat' dir='ltr'><strong>et</strong></span> <span class='ocrx_word' id='word_1_232' title='bbox 521 3107 693 3183; x_wconf 87' lang='lat' dir='ltr'><strong>Hierapolis</strong></span> <span class='ocrx_word' id='word_1_233' title='bbox 711 3107 861 3168; x_wconf 87' lang='lat' dir='ltr'><strong>antistites</strong></span> <span class='ocrx_word' id='word_1_234' title='bbox 880 3107 943 3170; x_wconf 89' lang='lat' dir='ltr'><strong>sina</strong></span> <span class='ocrx_word' id='word_1_235' title='bbox 961 3110 1023 3168; x_wconf 88' lang='lat' dir='ltr'><strong>ullo</strong></span> <span class='ocrx_word' id='word_1_236' title='bbox 1043 3109 1135 3170; x_wconf 91' lang='lat' dir='ltr'><strong>dubio</strong></span> 
     </span>
     <span class='ocr_line' id='line_1_34' title="bbox 119 3195 1134 3274; baseline -0.001 -15"><span class='ocrx_word' id='word_1_237' title='bbox 119 3198 251 3260; x_wconf 86' lang='lat' dir='ltr'><strong>fuerunt.</strong></span> <span class='ocrx_word' id='word_1_238' title='bbox 297 3197 402 3256; x_wconf 89' lang='lat' dir='ltr'><strong>Versio</strong></span> <span class='ocrx_word' id='word_1_239' title='bbox 429 3196 524 3274; x_wconf 81' lang='lat' dir='ltr'><strong>igitur</strong></span> <span class='ocrx_word' id='word_1_240' title='bbox 547 3195 671 3273; x_wconf 84' lang='lat' dir='ltr'><strong>Coptica</strong></span> <span class='ocrx_word' id='word_1_241' title='bbox 697 3196 730 3256; x_wconf 90' lang='lat' dir='ltr'><strong>in</strong></span> <span class='ocrx_word' id='word_1_242' title='bbox 758 3197 921 3258; x_wconf 90' lang='lat' dir='ltr'><strong>omittendo</strong></span> <span class='ocrx_word' id='word_1_243' title='bbox 944 3198 1039 3260; x_wconf 87' lang='lat' dir='ltr'><strong>Paulo</strong></span> <span class='ocrx_word' id='word_1_244' title='bbox 1067 3219 1134 3258; x_wconf 91' lang='lat' dir='ltr'><strong>cum</strong></span> 
     </span>
     <span class='ocr_line' id='line_1_35' title="bbox 119 3285 928 3364; baseline 0 -18"><span class='ocrx_word' id='word_1_245' title='bbox 119 3286 244 3364; x_wconf 89' lang='lat' dir='ltr'><strong>reliquis</strong></span> <span class='ocrx_word' id='word_1_246' title='bbox 268 3285 392 3346; x_wconf 85' lang='lat' dir='ltr'><strong>alterius</strong></span> <span class='ocrx_word' id='word_1_247' title='bbox 413 3285 592 3348; x_wconf 86' lang='lat' dir='ltr'><strong>recensionis</strong></span> <span class='ocrx_word' id='word_1_248' title='bbox 616 3286 759 3362; x_wconf 83' lang='lat' dir='ltr'><strong>exemplis</strong></span> <span class='ocrx_word' id='word_1_249' title='bbox 782 3287 928 3348; x_wconf 85' lang='lat' dir='ltr'><strong>convenit.</strong></span> 
     </span>
    </p>

    <p class='ocr_par' dir='ltr' id='par_1_5' title="bbox 118 3375 1134 3630">
     <span class='ocr_line' id='line_1_36' title="bbox 209 3375 1134 3456; baseline 0.005 -22"><span class='ocrx_word' id='word_1_250' title='bbox 209 3376 245 3434; x_wconf 87' lang='lat' dir='ltr'><strong>lu</strong></span> <span class='ocrx_word' id='word_1_251' title='bbox 257 3375 371 3434; x_wconf 89' lang='lat' dir='ltr'><strong>Pisidia</strong></span> <span class='ocrx_word' id='word_1_252' title='bbox 384 3375 538 3452; x_wconf 80' lang='lat' dir='ltr'><strong>provincia</strong></span> <span class='ocrx_word' id='word_1_253' title='bbox 556 3375 664 3452; x_wconf 80' lang='lat' dir='ltr'><strong>prioris</strong></span> <span class='ocrx_word' id='word_1_254' title='bbox 681 3375 860 3437; x_wconf 89' lang='lat' dir='ltr'><strong>recensionis</strong></span> <span class='ocrx_word' id='word_1_255' title='bbox 879 3375 949 3436; x_wconf 89' lang='lat' dir='ltr'><strong>libri</strong></span> <span class='ocrx_word' id='word_1_256' title='bbox 962 3381 1031 3454; x_wconf 92' lang='lat' dir='ltr'><strong>post</strong></span> <span class='ocrx_word' id='word_1_257' title='bbox 1044 3378 1134 3456; x_wconf 90' lang='lat' dir='ltr'><strong>Poly·</strong></span> 
     </span>
     <span class='ocr_line' id='line_1_37' title="bbox 119 3464 1134 3546; baseline 0.003 -20"><span class='ocrx_word' id='word_1_258' title='bbox 119 3485 243 3542; x_wconf 88' lang='lat' dir='ltr'><strong>carpum</strong></span> <span class='ocrx_word' id='word_1_259' title='bbox 270 3464 535 3540; x_wconf 86' lang='lat' dir='ltr'><strong>Metropolitanum</strong></span> <span class='ocrx_word' id='word_1_260' title='bbox 562 3465 756 3526; x_wconf 82' lang='lat' dir='ltr'><strong>Academiam</strong></span> <span class='ocrx_word' id='word_1_261' title='bbox 781 3466 933 3541; x_wconf 89' lang='lat' dir='ltr'><strong>Paporum</strong></span> <span class='ocrx_word' id='word_1_262' title='bbox 961 3467 1134 3546; x_wconf 86' lang='lat' dir='ltr'><strong>episcopum</strong></span> 
     </span>
     <span class='ocr_line' id='line_1_38' title="bbox 118 3549 1134 3630; baseline 0.003 -16"><span class='ocrx_word' id='word_1_263' title='bbox 118 3557 282 3630; x_wconf 87' lang='lat' dir='ltr'><strong>recensent,</strong></span> <span class='ocrx_word' id='word_1_264' title='bbox 300 3553 354 3630; x_wconf 90' lang='lat' dir='ltr'><strong>qui</strong></span> <span class='ocrx_word' id='word_1_265' title='bbox 371 3554 414 3612; x_wconf 79' lang='lat' dir='ltr'><strong>IV</strong></span> <span class='ocrx_word' id='word_1_266' title='bbox 428 3554 560 3614; x_wconf 79' lang='lat' dir='ltr'><strong>familiae</strong></span> <span class='ocrx_word' id='word_1_267' title='bbox 575 3549 766 3615; x_wconf 71' lang='lat' dir='ltr'><strong>‘Academias</strong></span> <span class='ocrx_word' id='word_1_268' title='bbox 780 3550 929 3614; x_wconf 86' lang='lat' dir='ltr'><strong>Mastane&#39;</strong></span> <span class='ocrx_word' id='word_1_269' title='bbox 948 3559 1001 3616; x_wconf 90' lang='lat' dir='ltr'><strong>est.</strong></span> <span class='ocrx_word' id='word_1_270' title='bbox 1038 3557 1074 3617; x_wconf 89' lang='lat' dir='ltr'><strong>ln</strong></span> <span class='ocrx_word' id='word_1_271' title='bbox 1087 3558 1134 3617; x_wconf 84' lang='lat'><strong>111</strong></span> 
     </span>
    </p>
   </div>
   <div class='ocr_carea' id='block_1_3' title="bbox 0 0 1305 3932">
    <p class='ocr_par' dir='ltr' id='par_1_6' title="bbox 0 0 1305 3932">
     <span class='ocr_line' id='line_1_39' title="bbox 0 0 1305 3932; baseline 0 0"><span class='ocrx_word' id='word_1_272' title='bbox 0 0 1305 3932; x_wconf 95' lang='lat' dir='ltr'><strong> </strong></span> 
     </span>
    </p>
   </div>
  </div>
 </body>
</html>
